2908 4914
263 297 399 374 xxxam

265 474 339 540 tata
364 472 449 540 sunt
472 462 511 538 in
533 458 665 540 Millini
694 459 833 538 Horrea
863 454 1236 559 Encyclopaedeutieo
1269 456 1377 553 (Ma-

266 594 368 698 gosin
391 592 733 695 Euryclopddique)
754 593 799 670 A.
826 591 921 665 1816
946 587 1049 664 Tom.
1072 587 1091 661 1
1115 615 1149 686 p.
1175 588 1222 660 94
1249 599 1288 664 et
1312 594 1376 686 95,

264 725 326 800 nbi
351 723 457 804 simul
482 724 527 799 de
551 725 692 824 linguae
716 706 863 824 graecae
886 719 1097 795 recentioris
1122 717 1161 792 in
1184 719 1376 798 emiseran-

266 855 322 932 dis
349 855 533 940 codicibus
563 881 671 930 manu
702 853 853 934 exaratis
890 850 1044 926 utilitate
1074 829 1252 926 disserit.
1285 851 1375 945 tilis,

267 1013 358 1086 quae
383 987 434 1062 ibi
458 987 552 1061 dicta
576 995 671 1074 sunt,
694 983 766 1058 hoc
789 981 902 1058 addo:
929 980 1097 1081 quoniam
1120 989 1282 1056 veterum
1299 984 1374 1058 dia·

264 1117 439 1190 lectorum
460 1116 690 1202 diversitates
716 1112 834 1214 aliqua
858 1139 903 1187 ex
921 1122 1023 1212 parte
1041 1135 1062 1188 e
1080 1112 1375 1212 membranarum,¹

265 1246 537 1346 inscriptionum
562 1273 604 1322 ac
628 1245 813 1322 titulorum
837 1244 1014 1344 scriptura
1038 1241 1208 1342 pendent,
1238 1241 1291 1318 de
1312 1245 1372 1322 his

266 1404 412 1478 quoque
435 1377 562 1454 melius
589 1375 790 1478 aliquando,
816 1403 924 1478 quam
949 1375 1065 1449 adhuc
1089 1373 1223 1448 factum
1248 1386 1320 1466 cst,
1352 1405 1371 1452 a

264 1507 351 1586 viris
377 1507 493 1585 doctis
518 1508 711 1608 judicatum
735 1508 789 1598 iri,
815 1508 847 1582 si
871 1487 1193 1608 pronuntiationem
1202 1505 1368 1582 Reucbii-

264 1639 406 1714 nianam
437 1650 632 1738 sequentes
663 1659 760 1712 mera
792 1638 990 1736 scripturae
1024 1633 1151 1710 menda
1176 1661 1242 1736 pro
1265 1637 1371 1714 dialc-

265 1775 404 1842 ctorum
429 1767 692 1842 discriminibus
717 1767 849 1842 habere
874 1766 1056 1862 desierint,
1080 1766 1118 1840 iu
1144 1793 1253 1866 quem
1266 1789 1372 1844 ‘erro-

264 1924 352 1988 rem,
376 1909 417 1973 ut
441 1897 530 1974 alios
556 1897 725 1990 omittam,
759 1899 922 1974 Sturzius
954 1897 1079 1972 incidit
1109 1897 1146 1972 in
1176 1896 1300 1984 libello,
1325 1901 1371 1976 de

265 2027 417 2106 dialecto
430 2029 664 2105 Macedonico
685 2029 982 2104 etAlexandrina.
1013 2065 1061 2088 -
1086 2025 1204 2104 Venio
1217 2007 1368 2106 nimcad

204 2251 209 2256 .
263 2158 397 2232 Lexica
423 2168 460 2232 et
485 2159 743 2234 Grammaticas
768 2159 911 2260 linguae
929 2157 1089 2232 Graecae
1113 2159 1269 2258 vulgaris.
1293 2159 1365 2233 Les

263 2288 369 2362 xicon
393 2286 498 2386 hujus
523 2287 664 2390 linguae
688 2287 949 2391 philologorum
967 2291 1050 2366 usiri
1069 2287 1366 2368 accommodatum

264 2443 316 2508 ea,
342 2445 412 2518 qua
436 2445 501 2518 par
526 2428 591 2509 est
618 2417 809 2520 diligentia,
834 2423 1045 2523 saguntum,
1077 2423 1277 2501 eruditione
1307 2420 1372 2522 qui

263 2549 474 2640 condiderit,
497 2551 676 2626 neminem
702 2549 819 2626 adhuc
844 2556 1029 2631 exstitisse
1053 2555 1284 2641 vehementer
1308 2553 1373 2628 do-

262 2681 388 2760 lemus.
437 2683 560 2780 Atque
585 2695 626 2758 ut
651 2683 696 2757 de
720 2685 981 2783 antiquioribus
998 2697 1134 2760 taceam
1146 2686 1227 2762 Joh.
1246 2685 1377 2760 Meur-
1421 2711 1424 2715 ·

162 2813 191 2886 '.
263 2813 309 2887 sii
334 2821 371 2884 ct
395 2810 572 2884 Gerasimi
597 2809 725 2887 Vlachi
742 2811 937 2892 Glossariis
955 2791 1262 2896 Graecobarbaris·
1278 2837 1378 2915 quo-

261 2967 340 3016 rum
365 2937 452 3014 illud
476 2939 620 3039 saepius
653 2943 797 3018 saeculo
828 2944 980 3044 septimo
1011 2941 1148 3014 decimo
1179 2941 1276 3039 typis
1309 2967 1377 3016 sx-

262 3094 387 3178 cusum
413 3079 487 3162 est,
510 3069 581 3146 hoc
610 3070 775 3150 Venetiis
808 3101 889 3149 cum
920 3070 1213 3170 interpretatione
1245 3072 1374 3150 Italica

263 3211 301 3275 et
324 3201 454 3277 Iratina
479 3229 572 3280 anno
600 3206 693 3280 1658
718 3204 861 3306 prodiit,
886 3205 924 3280 in
943 3201 1073 3303 quibus
1092 3204 1241 3306 exiguus
1259 3203 1376 3280 inodo.

261 3330 513 3430 uocabulorum
530 3359 700 3410 numerus
718 3335 921 3436 exponitur:
938 3361 986 3408 ne
1004 3335 1204 3434 posteriora
1222 3334 1374 3431 quidem

260 3458 372 3532 lexico
398 3467 435 3534 et
459 3460 630 3560 glossaria
656 3466 821 3565 cuiquam
845 3463 952 3538 hodie
978 3452 1182 3542 satisfaoeie
1199 3474 1374 3564 possunt·

260 3589 354 3666 Nam
386 3591 448 3689 'qui
481 3591 712 3692 qnadraginta
743 3623 810 3694 per
840 3619 954 3670 annos
984 3596 1051 3670 sub
1083 3595 1190 3670 finem
1220 3595 1370 3696 septimi

260 3721 385 3802 decimi
412 3721 543 3798 sacculi
572 3722 610 3794 in
641 3723 792 3798 Graecia
824 3734 1064 3802 commoratus
1096 3737 1153 3802 est
1183 3728 1367 3802 Romanae

260 3851 432 3928 ecclesiae
463 3853 631 3932 sacerdos
662 3852 1048 3948 AlexiusSomavera,
1079 3859 1111 3933 is
1139 3859 1226 3936 licet
1255 3857 1366 3932 multa

120 4039 138 4068 „
258 3979 511 4060 vocabulorum
532 3987 640 4062 mitia
655 3987 692 4062 in
708 3985 847 4060 lexicon
863 4011 968 4062 suum
987 3991 1220 4092 congesserit,
1246 3999 1365 4062 maren

258 4118 299 4183 ut
323 4111 491 4210 autiquae
522 4114 736 4196 Graecitatis
768 4145 895 4218 expers
927 4131 965 4194 et
995 4120 1272 4221 orthographiae
1301 4120 1365 4192 im-

256 4239 396 4341 peritus
422 4243 547 4334 rerba,
572 4273 664 4345 quae
695 4247 887 4338 audiverat,
918 4278 1037 4352 neque
1074 4262 1184 4328 recte.
1206 4251 1368 4328 seribere.
