2908 4914
219 237 223 247 ’
240 239 328 290 XXIV

113 437 126 468 ο
244 407 340 482 ditos
366 429 529 480 enarrare
553 401 670 490 velim,
693 396 890 476 verendum
914 397 978 490 sit,
1001 423 1049 473 ne
1073 400 1188 476 semel
1212 401 1360 480 dicendi

244 539 346 615 initio
376 537 470 612 lacto
502 534 563 613 vix
594 534 701 608 finem
733 533 943 608 inventurus
975 529 1053 606 sim.
1102 533 1286 625 Attamen,
1300 548 1357 614 'ut

245 671 352 770 hujus
379 693 525 770 qnoque
556 665 698 768 generis
730 662 930 764 exemplum
960 687 1177 764 proponam,
1208 667 1361 768 impedi-

246 803 425 879 tissimum
467 823 548 874 esse
586 822 710 874 omnes
746 796 908 896 judicant
939 793 1058 868 locurn
1098 796 1359 898 Xenophontis
1436 863 1437 888 ,

247 934 349 1010 initio
373 931 656 1006 Hellenicorum
681 928 743 1002 ubi
766 929 935 1028 scriptor:
967 927 1015 1002 Οἱ
1038 925 1079 1003 δὲ
1101 922 1359 1034 dvppo'syowo,
1436 927 1437 936 ἶ

247 1063 381 1166 inquit,
406 1063 457 1138 ἐπ’
484 1059 608 1138 αὐτὸν
632 1055 747 1136 εἴκοσι
776 1057 937 1151 ναυσὶν,
966 1052 1013 1147 ἃς
1042 1059 1063 1134 ὁ
1094 1059 1263 1158 Δωριεύς
1286 1094 1361 1160 (pv.

247 1193 331 1300 puio
360 1190 451 1294 πρὸς
481 1190 552 1293 τὴν
580 1199 660 1296 γῆν
689 1191 892 1291 ἀνεβίβαζε
923 1185 990 1280 τοὶς
1020 1192 1164 1266 ἑαυτοῦ
1190 1192 1357 1294 τριήρεις,

248 1317 465 1428 ὦςῆνοιγε,
490 1321 636 1424 περὶτὰ
661 1323 838 1400 Ῥοίτειον.
896 1321 1019 1422 Quem
1042 1346 1188 1396 sensum
1211 1321 1271 1398 hic
1296 1323 1360 1398 ha·
1438 1409 1439 1412 Ἴ

237 1459 332 1534 ‘beat
343 1448 474 1560 ἤνοιγε
488 1457 689 1558 quaesitum
701 1483 721 1531 a
734 1454 855 1530 multis
868 1464 935 1544 cst,
948 1463 1178 1554 perspectum
1191 1479 1211 1528 a
1224 1455 1354 1554 paucis.

248 1589 425 1664 Nimirum
438 1587 593 1689 vulgaris
601 1588 719 1689 lingna
732 1586 989 1687 Xenophontis
1003 1585 1278 1687 explicator-ibus
1292 1615 1358 1664 usu

248 1744 322 1793 non
341 1729 418 1794 erat
443 1719 595 1817 cognita.
651 1718 770 1819 Quam
793 1717 855 1818 qui
870 1728 1012 1808 norunt,
1037 1718 1062 1793 ii
1087 1718 1193 1792 etiam
1217 1746 1314 1794 nunc
1338 1747 1359 1795 a

248 1850 367 1925 nautis
392 1849 430 1922 in
450 1847 600 1924 Graecia
627 1850 680 1925 sic
706 1848 876 1924 celebrari
900 1849 1020 1924 sciunt
1042 1850 1190 1924 verhum
1207 1851 1359 1954 dooipo,
1440 1834 1441 1856 ¹

248 1994 291 2058 ut
305 1981 365 2057 hic
383 2009 402 2057 a
421 1981 667 2082 Xenophonte
685 1979 883 2058 adhibetur.
909 1980 1009 2082 Quid
1023 1979 1358 2088 quaerisl’Avolpm

249 2115 282 2189 si
306 2111 351 2186 de
375 2137 467 2187 nave
491 2111 549 2188 vel
574 2111 620 2184 de
645 2113 893 2212 navigantibus
912 2111 1131 2211 intelligitur,
1148 2115 1353 2190 vertendum
1441 2128 1442 2192 l

250 2253 307 2318 est
323 2243 453 2316 relicto
467 2251 580 2340 portu
597 2241 733 2337 (relicta
758 2242 928 2338 statione)
954 2243 993 2314 ιἰι
1018 2243 1132 2318 ultum
1161 2246 1302 2322 evehor.
1400 2305 1407 2314 .

419 2371 610 2447 Praeterea
665 2375 833 2451 universa
875 2374 1136 2452 Grammaticae
1176 2377 1361 2454 doctrinae
1442 2441 1443 2458 ,

170 2491 172 2496 ’
249 2506 341 2582 ratio
379 2516 552 2608 perpetua
591 2507 725 2584 veteris
751 2519 801 2583 ct
837 2510 993 2586 recentis
1034 2510 1175 2611 linguae
1217 2533 1362 2608 compa-

249 2641 387 2715 ratione
424 2639 612 2730 insigniter
649 2643 830 2720 emendari
865 2654 997 2743 potest
1072 2643 1167 2719 Nam
1193 2632 1363 2743 praeter-

249 2799 357 2872 quam
390 2771 490 2868 quod
519 2769 646 2857 multa,
685 2797 778 2867 quae
808 2772 931 2866 ignota
964 2778 1064 2850 sunt,
1094 2767 1179 2836 inde
1215 2772 1362 2840 discun-
1442 2775 1443 2806 l

249 2912 317 2991 tur,
345 2927 436 2999 quae
460 2910 629 3001 tanquam
655 2899 892 2972 additamenta
916 2892 1068 2993 repertis
1088 2891 1193 2993 adjici
1210 2910 1360 2997 queunt,

250 3032 330 3130 ipsa
356 3030 462 3104 etiam
488 3031 672 3106 doctrinae
696 3027 804 3126 hujus
829 3024 1056 3100 fundamenta
1084 3027 1203 3104 multis
1222 3030 1259 3104 in
1277 3058 1360 3131 par-

251 3162 349 3238 tibus
375 3171 593 3238 evertuntur.
649 3159 762 3258 Cujus
788 3160 929 3258 generis
954 3161 1091 3237 infinita
1115 3163 1360 3266 exemplorum

250 3294 306 3367 vis
333 3301 370 3364 et
395 3291 496 3388 copia
522 3299 667 3387 praesto
687 3300 753 3364 est.
801 3291 939 3367 Notum
958 3295 1123 3367 omnibus
1141 3321 1223 3368 esse
1239 3294 1360 3384 credo,

249 3419 360 3496 multa
385 3419 517 3494 criticis
542 3419 686 3520 negotia
711 3421 899 3525 Digamma
916 3421 1101 3499 Aeolicum
1120 3421 1359 3496 lacessivisse.

250 3553 382 3656 Neque
406 3562 526 3628 tamen
552 3551 742 3652 qnisquam
760 3557 928 3632 inventus
952 3564 1017 3645 est,
1044 3554 1106 3655 qui
1122 3554 1216 3626 hene
1234 3553 1271 3626 in
1287 3552 1359 3630 hoc

252 3697 461 3790 argumento
494 3696 706 3763 versaretur.
750 3687 912 3786 ¹Nempe
947 3711 1091 3776 omnes,
1130 3696 1301 3784 quantum
1338 3714 1358 3762 a

250 3819 387 3918 vulgari
419 3821 538 3922 lingua
568 3817 658 3893 lucis
690 3820 765 3918 peti
795 3829 936 3919 posset,
967 3818 1187 3920 ignorabant.
1242 3817 1358 3908 Adde,

253 3948 352 4048 quod
382 3950 546 4049 plerique
574 3951 900 4050 pronuntiationem
932 3951 975 4023 ah
1001 3951 1154 4026 Erasmo
1183 3950 1358 4050 praescri-

251 4089 348 4178 ptam
374 4081 722 4183 sequebanturqua
746 4081 834 4156 nihil
859 4083 1035 4158 funestius
1060 4082 1190 4157 litteris
1209 4081 1358 4158 Graecis

250 4210 444 4312 excogitari
469 4221 600 4312 potest.
650 4213 723 4289 Sed
748 4241 795 4290 ne
819 4215 944 4307 multa,
969 4214 1177 4317 popularem
1203 4207 1358 4290 Graeco·
