2860 4870
226 329 296 400 150

227 515 383 610 ἑστάρην,
413 522 446 584 id
475 521 556 604 quod
587 542 627 584 ne
656 522 692 584 in
721 519 881 582 ditissima
904 519 1030 600 quidem
1054 532 1195 586 veterum
1222 526 1341 614 lingna

227 647 390 711 commodo
412 643 485 706 fieri
507 655 642 729 poterat
688 643 811 728 Nempe
833 629 873 717 ἦν
893 643 928 704 in
941 646 1144 725 nrrtiquorunr
1161 647 1259 712 libris
1272 673 1339 717 non

227 771 331 854 magis
354 781 440 832 recte
463 768 597 830 vertitur·
620 787 726 840 cwutn,
749 786 842 846 quant
855 760 929 850 sui·
977 769 1048 843 Quo
1079 770 1116 830 de
1140 790 1337 854 argumento

227 895 274 958 sic
296 893 410 955 statuit
431 890 637 952 Hermemrus
660 889 766 952 Praei.
783 888 824 950 ed
839 886 942 973 Soplr.
958 889 1039 951 Ocd.
1053 891 1130 972 Tyr.
1144 913 1175 976 p.
1186 893 1337 962 XVttt:
1409 875 1410 892 χ

228 1015 333 1100 „Ipsa
354 1013 440 1077 rcrlri
464 1012 552 1074 illins
575 1013 665 1074 notio
688 1010 807 1091 aliquid
832 1009 1032 1074 difficultatis
1056 1026 1151 1093 atque
1175 1021 1333 1104 arrrbigui.

229 1139 306 1205 tatis
329 1136 435 1214 halect,
459 1153 554 1216 quum
577 1137 645 1216 ejus
668 1135 822 1196 aoristum
851 1143 883 1194 et
905 1133 1127 1216 imperfectum
1152 1139 1327 1207 discernere

229 1260 380 1324 nolumus.
427 1261 533 1332 Quum
561 1257 646 1318 enim
676 1274 748 1318 csse
775 1266 894 1316 statum
923 1253 1064 1335 aliquem
1092 1276 1325 1342 permanentem

229 1383 361 1462 indicet,
385 1399 483 1460 aeque
506 1391 538 1441 et
561 1379 595 1442 in
618 1378 740 1442 aoristo
764 1373 845 1438 lraec
868 1377 916 1439 vis
941 1377 1043 1457 inest,
1067 1394 1099 1444 ct
1121 1383 1155 1444 in
1186 1387 1331 1470 imperfe-

230 1518 297 1584 cto,
326 1505 382 1568 sed
413 1525 450 1566 co
480 1501 683 1581 discrimine,
711 1499 794 1581 quod
824 1499 860 1562 in
882 1500 1069 1584 imperfecto
1092 1504 1180 1568 aliud
1204 1508 1333 1592 aliquod

230 1641 353 1713 tempus
377 1626 513 1708 cogitari
535 1645 665 1688 necesse
688 1634 748 1700 est,
773 1643 833 1703 quo
858 1623 933 1702 quid
956 1623 1061 1701 fuerit,
1084 1627 1119 1688 in
1141 1631 1267 1695 aoristo
1284 1655 1334 1696 au·

229 1765 294 1814 tem
325 1747 454 1814 infinite
474 1748 559 1830 ¹qnid
587 1745 798 1828 intelligitur,
828 1743 936 1826 aliquo
965 1759 1106 1834 tempore
1123 1754 1194 1832 jam
1218 1769 1334 1819 exacto

229 1875 336 1936 fuisse.
383 1873 455 1947 Quo
478 1869 527 1950 fit,
550 1881 585 1932 ut
606 1887 700 1952 quum
724 1880 967 1953 permanentem
995 1869 1086 1934 illum
1112 1885 1250 1956 statum,
1282 1881 1336 1960 qui

230 1997 317 2060 verbi
343 1996 475 2080 notione
498 1995 690 2066 continetur,
713 2011 780 2054 non
805 1991 846 2052 ad
868 1989 957 2054 aliud
979 1997 1182 2077 praeteritum
1206 2009 1336 2085 tempus

229 2119 413 2194 referimus,
437 2119 493 2180 sed
515 2115 705 2201 simpliciter
733 2113 962 2194 utaliquando
991 2115 1116 2178 finitum
1144 2138 1247 2198 neque
1278 2125 1335 2186 ad.

229 2215 293 2300 huc
314 2239 483 2298 durantem
506 2255 799 2315 commemoramuS,
823 2250 910 2300 recte
933 2239 1051 2300 aoristo
1074 2223 1227 2301 utamru·.''
1263 2244 1335 2306 Ne.

228 2360 310 2426 mici
332 2359 462 2422 dubium
484 2358 651 2437 videbitur,
675 2359 752 2439 quin
775 2360 858 2438 quod
881 2362 1022 2423 universe
1051 2358 1240 2422 clarissimus
1263 2363 1327 2426 ille

228 2485 338 2548 virdo
361 2484 454 2546 verbo
477 2469 676 2546 substantivi)
699 2481 798 2561 dixit,
828 2485 1028 2546 verissimum
1057 2503 1125 2546 esse
1151 2483 1333 2566 putandum

228 2607 280 2672 sit.
326 2604 365 2670 Si
389 2607 488 2690 igitur
510 2625 570 2692 pro
594 2617 680 2668 certo
705 2603 869 2684 lrabemus,
892 2577 1012 2670 statum
1027 2601 1264 2693 permanentem
1282 2608 1336 2669 in.

229 2731 332 2792 diceri
356 2731 450 2792 verbo
474 2748 557 2802 esse,
577 2729 711 2809 ideoque
740 2725 826 2790 hanc
853 2728 918 2790 vim
946 2729 1070 2813 pariter
1097 2731 1133 2790 in
1156 2729 1277 2792 aoristo
1301 2741 1338 2793 et
1413 2737 1414 2788 l

195 2895 198 2906 ,
228 2854 263 2915 in
288 2853 472 2938 imperfecto
496 2851 646 2929 inveniri,
671 2861 779 2912 tamen
795 2851 958 2928 utriusque
975 2852 1128 2934 temporis
1146 2851 1334 2930 discrimen,

227 2977 311 3057 quod
340 2977 371 3037 ci
399 2973 519 3059 placet,
549 2971 630 3036 milri
659 2991 725 3034 non
748 2976 787 3036 ab
812 2973 898 3034 omni
920 2982 1011 3056 parte
1034 2975 1197 3058 probatur.
1246 2974 1335 3037 ntttn

227 3098 314 3161 enim
336 3099 460 3162 videtur
482 3099 518 3162 in
539 3097 725 3182 imperfecto
749 3096 844 3180 hujus
868 3096 955 3160 verbi
977 3095 1082 3160 solum
1099 3097 1254 3181 temporis
1277 3097 1335 3160 ali-

227 3223 318 3300 cujus
346 3221 452 3285 exacti
481 3221 627 3300 initium,
656 3219 692 3288 in
720 3221 842 3282 calisto
872 3219 949 3282 finis
979 3222 1104 3306 respici.
1164 3222 1332 3296 Quomodo

225 3351 392 3425 praeterea
420 3333 625 3404 Hemuannus
653 3342 692 3403 de
715 3343 814 3428 epicis
837 3339 934 3424 hujus
958 3344 1135 3427 imperfecti
1158 3343 1271 3406 formis
1296 3363 1333 3406 ac

226 3462 265 3526 de
287 3459 470 3527 differentia
492 3463 668 3526 formarum
696 3450 717 3538 ἦ
738 3477 770 3526 et
791 3449 830 3535 riv
857 3463 942 3548 apud
970 3463 1102 3526 Atticos
1125 3464 1331 3546 judicaverit,

223 3584 320 3650 velim
342 3607 383 3650 ex
406 3587 476 3673 ipso
494 3599 721 3670 cognoscatur„
761 3586 799 3650 Id
813 3587 1033 3650 tantummodo
1052 3587 1207 3666 addimus,
1224 3609 1332 3668 quam-

225 3711 273 3772 vis
296 3711 329 3772 in
353 3707 404 3772 his
427 3710 539 3774 formis
562 3709 641 3789 sint,
664 3729 743 3790 quos
765 3711 881 3773 coristi
903 3684 1012 3795 potius
1035 3729 1127 3790 quam
1151 3711 1333 3796 imperfecti

224 3851 293 3892 esse
316 3833 414 3910 dicas,
446 3845 554 3896 tamen
582 3831 769 3922 plerumque
791 3831 940 3925 ,Graecos
968 3843 1136 3910 utramque
1164 3832 1332 3914 significa.

222 3953 344 4015 tionem
364 3953 652 4053 sicconjunxisse,
675 3966 711 4018 nt
733 3953 853 4018 aoristo
876 3953 1007 4018 verbum
1030 3939 1109 4012 εἶναι
1128 3975 1235 4018 catere
1251 3955 1332 4018 mul·
1413 3959 1414 3968 ’

222 4073 264 4135 tis
280 4071 568 4138 Grammaticorum
575 4080 651 4160 jure
662 4079 831 4148 videretur.
862 4080 954 4155 Quae
966 4079 1131 4149 sententia
1145 4077 1195 4146 vel
1206 4097 1278 4142 eam
1291 4081 1331 4142 ob

220 4214 349 4258 causam
372 4211 447 4258 vera
470 4207 529 4276 est,
553 4200 635 4278 quod
658 4201 712 4282 qni
736 4191 890 4282 ἐγενόμην
913 4223 973 4294 pro
998 4203 1119 4269 aoristo
1143 4203 1230 4266 verbi
1250 4187 1331 4262 εἶναι
