2908 4914
1154 333 1216 384 ttx

106 507 202 583 deas.
251 505 409 582 Proinde
435 499 581 604 quando
607 502 759 579 breviter
783 503 861 579 fieri
891 514 1047 606 poterat,
1080 503 1217 594 CoraiS,

104 638 298 729 Rusiadae,
330 634 512 736 Ducangii
544 633 762 738 aliorumque
794 647 908 712 errata
938 638 976 712 iu
1007 645 1218 714 transcmsu

103 770 268 848 refutavi.
319 767 375 844 ct.
402 765 519 842 adnot.
545 767 591 842 ad
613 795 671 846 vv.
701 771 780 857 158,
804 770 887 859 nto,
915 773 984 842 too
1009 778 1047 844 et
1071 769 1116 844 de
1140 768 1220 844 Du-

106 901 224 1003 cangii
250 899 427 976 erroribus
458 897 619 974 lndicem
645 900 870 1000 scriptorum.
921 899 1089 976 Crusium
1114 910 1151 974 et
1175 899 1220 974 ll·

107 1033 250 1134 genium
274 1057 450 1132 nusquam
475 1031 665 1110 confutavi.
715 1029 791 1108 Sed
816 1042 857 1109 ut
882 1032 1109 1107 ostenderem
1134 1057 1221 1132 quo·

104 1164 212 1241 modo
236 1165 274 1238 in
297 1174 377 1240 toto
403 1163 668 1242 Commentario
694 1162 886 1241 scribendo
907 1175 1072 1242 versatus
1091 1189 1221 1253 essem,

104 1297 137 1372 si
165 1297 356 1398 pristinum
387 1297 574 1374 consilium
604 1297 710 1398 sequi
733 1296 820 1372 mibi
847 1323 1060 1374 concessum
1078 1297 1217 1374 luisset.

104 1427 286 1532 longiores
313 1429 421 1503 etiam
446 1429 694 1504 adnotationes
725 1428 826 1504 velut
856 1429 902 1503 ad
931 1457 988 1507 vv.
1022 1432 1103 1518 lud,
1134 1429 1219 1516 ⁴263,

105 1561 189 1650 tot,
216 1561 287 1634 tta
313 1559 437 1662 adjeci.
488 1561 679 1638 Caeterum
703 1585 769 1661 per
782 1569 898 1636 totum
915 1557 1221 1634 Commentarium

106 1691 352 1770 demonstrare
389 1691 492 1768 nisus
536 1717 631 1784 sum,
671 1690 851 1793 quomodo
889 1691 1127 1768 recentiorum
1169 1689 1220 1764 lo-

108 1823 243 1925 quendi
267 1825 489 1900 consuetudo
514 1823 684 1924 paulatim
715 1836 793 1900 orta
819 1824 875 1902 sit.
931 1821 1071 1900 Idcirco
1098 1833 1135 1898 et
1159 1849 1220 1898 au-

108 1957 204 2056 tiqui
242 1967 279 2030 ct
314 1954 424 2028 medii
461 1925 540 2030 aevi
575 1963 739 2030 auctores
777 1953 928 2028 laudavi.
986 1953 1070 2053 Qua
1109 1955 1147 2026 in
1181 1981 1221 2028 rc

108 2112 184 2162 non
208 2096 281 2161 tam
306 2085 343 2159 id
368 2086 441 2187 egi,
467 2095 508 2160 ut
532 2083 749 2185 singularum
775 2084 917 2159 dicendi
940 2084 1131 2160 formarum
1162 2111 1222 2160 an-

107 2217 347 2323 tiquissimos,
393 2217 459 2293 sed
497 2217 716 2293 certissimos
754 2228 919 2293 auctores
957 2216 1113 2293 citarem.
1162 2217 1222 2293 Fit

108 2350 203 2424 enim
226 2376 481 2451 nonnunquam
506 2359 548 2426 ut
573 2376 665 2451 quae
689 2350 794 2426 nobis
820 2350 1016 2454 probabilia
1041 2351 1219 2440 videntur,

108 2481 154 2554 dc
186 2482 231 2556 iis
269 2481 328 2556 alii
362 2480 464 2557 valde
501 2479 683 2570 dubitent,
713 2481 784 2556 nisi
814 2491 975 2556 nostram
1007 2481 1221 2556 sententiam

111 2608 236 2682 multis
267 2584 486 2708 argumentis
518 2619 690 2682 tueamur.
747 2609 858 2705 Quod
893 2635 939 2681 ne
975 2610 1092 2697 nobis,
1116 2610 1220 2682 unice

110 2737 296 2815 brevitatis
321 2736 503 2829 studiosis,
529 2736 729 2814 faciendum
756 2749 864 2829 esset,
890 2740 1131 2841 antiquiorum
1163 2765 1223 2814 au-

111 2881 249 2946 ctormn
272 2868 353 2946 loco
378 2871 597 2980 posteriores
617 2869 834 2977 quaudoque
848 2868 1078 2949 laudavimus.
1105 2870 1221 2946 Porro

110 3001 278 3104 quoniam
304 3003 450 3081 evidens
478 3012 543 3092 cst,
571 3028 633 3078 cos
661 3004 874 3102 quinovam
895 3001 1047 3104 aliquam
1065 3005 1219 3108 linguam

109 3134 300 3209 addiscunt
331 3134 474 3232 saepius
507 3133 635 3208 iisdem
668 3131 713 3208 de
745 3137 851 3208 rebus
888 3133 1088 3210 monendos
1129 3163 1220 3226 csse,

111 3266 195 3365 quia
218 3264 305 3340 licet
328 3263 567 3342 sollertissimi
590 3265 723 3368 ingenii
755 3276 792 3341 ct
816 3266 1064 3342 tenacissimae
1089 3293 1221 3342 memo·

109 3397 182 3473 riae
213 3397 302 3488 sint,
333 3407 453 3472 tamen
482 3423 557 3473 non
588 3399 705 3474 omnia
736 3399 847 3474 semel
878 3398 996 3474 audita
1034 3401 1091 3478 vel
1129 3401 1221 3474 lecta

110 3531 162 3606 sic
186 3529 399 3630 percipiunt,
425 3539 562 3607 utnon
587 3530 858 3608 obliviscantur:
878 3532 1071 3606 amicorum
1095 3541 1222 3631 rogatu

109 3661 327 3740 commoveri
353 3687 410 3736 mc
435 3688 565 3764 passus
592 3689 688 3752 sum,
718 3672 759 3737 ut
784 3661 829 3737 ad
860 3662 999 3762 priores
1032 3659 1220 3737 commen.

108 3794 191 3868 tarii
216 3793 463 3870 adnotationes
489 3795 527 3870 in
552 3795 787 3896 sequentibus
796 3775 810 3884 ‚¹
836 3792 1006 3881 lectores,
1038 3791 1100 3866 ubi
1131 3819 1221 3898 opus

109 3922 301 4012 videretur,
325 3925 517 4022 rejicerem.
567 3926 647 4002 Jam
685 3935 726 3998 ut
763 3926 886 4026 iniqua
919 3923 1139 4024 quorundam
1170 3932 1223 4027 ju-

111 4056 204 4131 dicia
229 4079 303 4130 non
328 4065 459 4145 metuo,
483 4057 532 4132 ita
557 4081 767 4157 persuasum
792 4053 917 4146 habeo,
943 4059 1077 4158 peritos
1105 4070 1141 4135 et
1167 4087 1222 4134 ac-

113 4213 205 4290 quos
238 4187 375 4286 judices
407 4186 445 4260 iu
476 4186 545 4261 boc
583 4187 849 4262 Commentario
885 4200 1091 4292 reperturos
1129 4215 1236 4279 esse,¹

114 4346 208 4420 quae
232 4329 270 4396 et
294 4345 387 4398 nova
413 4319 502 4413 siut,
529 4328 566 4396 et
592 4320 743 4397 certiora
768 4347 808 4397 ac
835 4321 973 4400 veriora
999 4347 1106 4422 quam
1132 4347 1223 4418 quae
