2908 4914
246 205 272 252 X

246 369 361 450 Porro
385 379 491 470 prout
514 379 657 470 tempus
688 372 861 470 cujusque
894 380 930 446 et
954 371 1097 476 occasio
1121 374 1211 468 lert,
1235 405 1355 480 prom.

247 513 320 577 tam
352 503 458 576 etiam
491 527 556 602 par
587 511 645 576 est
675 502 855 579 scribendi
880 503 1351 604 loquendiquelacultatem

246 632 391 732 acquiri.
440 632 560 732 Quam
586 633 648 732 qui
673 643 799 710 nactus
824 644 896 723 est,
920 635 952 710 is
978 636 1197 736 praeclarum
1223 641 1268 714 ad
1292 670 1351 720 ve·

244 774 363 840 terum
398 763 665 865 intelligentiam
703 764 977 841 instrumentum
1019 767 1089 842 sibi
1124 753 1348 873 compararit

246 895 357 996 Quod
382 895 490 970 nolim
515 897 569 970 sic
594 896 717 996 accipi,
741 907 783 970 ut
807 923 930 972 omnes
951 895 1171 976 Graecorum
1196 905 1262 978 riri
1287 903 1348 978 do·

246 1028 294 1102 cti
319 1027 414 1102 etsi
439 1028 501 1126 qui
523 1027 595 1122 illis
622 1027 820 1102 eruditione
846 1053 950 1128 pares
977 1041 1062 1104 sunt
1086 1031 1302 1131 alienigenae
1326 1063 1347 1108 a
1445 1075 1446 1080 ,

245 1157 373 1258 quovis
400 1180 519 1234 errore
545 1159 583 1232 in
607 1157 840 1234 dilucidandis
865 1161 1089 1260 antiquorum
1108 1164 1205 1236 libris
1222 1163 1347 1240 imuru-
1389 1214 1394 1222 ›
1444 1249 1446 1254 ,

242 1305 308 1364 nes
335 1267 597 1390 perhibeantur,
621 1289 659 1364 id
686 1291 783 1389 quod
805 1291 862 1364 vel
879 1293 1060 1368 numerosi
1076 1291 1346 1370 scholiastarum

246 1447 385 1498 errores
416 1421 644 1522 redarguunt,
680 1421 745 1496 sed
784 1422 852 1508 hoc
887 1423 986 1512 dico,
1021 1423 1053 1497 si
1090 1427 1171 1522 quis
1205 1439 1346 1524 praeter

242 1555 344 1643 hanc,
369 1553 415 1630 de
441 1581 510 1652 qua
535 1553 676 1628 locutus
702 1581 798 1642 suni,
823 1554 963 1654 linguae
995 1579 1141 1654 graecae
1174 1560 1347 1658 coguitio-

241 1711 322 1758 nem
350 1683 537 1782 perspicax
561 1681 671 1755 habet
689 1683 868 1784 ingenium
882 1711 1001 1785 neque
1026 1685 1226 1762 studiorum
1249 1691 1345 1792 labo·

241 1813 433 1912 res==fugit,
458 1811 527 1886 hoc
559 1811 758 1888 meliorem
774 1813 996 1915 antiquitatis
1028 1845 1175 1918 graecae
1207 1821 1345 1896 antisti-

240 1958 312 2021 tem
339 1955 376 2021 et
399 1945 642 2020 restitutorem
667 1945 754 2048 fingi
776 1975 850 2026 non
874 1975 991 2050 posse.
1028 1947 1229 2028 Verum-ne
1249 1975 1344 2024 com·

241 2075 408 2152 rnendare
433 2075 555 2150 videar
579 2077 748 2179 linguam,
774 2083 874 2174 cujus
907 2092 1068 2150 naturam
1094 2083 1343 2177 rationemque
1445 2077 1446 2156 l

239 2209 397 2286 nondum
420 2207 679 2299 illustraverim‚
704 2207 809 2282 liceat
832 2205 929 2296 mihi,
956 2215 1128 2303 quantum
1154 2208 1340 2308 praelatio-

238 2341 505 2442 nisangustiae
530 2342 722 2442 patiuntur,
746 2337 864 2440 graeci
889 2336 1064 2412 sermonis
1089 2335 1273 2416 historiam
1296 2342 1339 2414 ab
1445 2333 1446 2340 ἵ

240 2501 283 2548 eo
308 2485 481 2574 ternpore,
508 2501 580 2575 quo
605 2471 784 2572 corrumpi
809 2469 944 2572 eoepit,
971 2497 1086 2572 usque
1111 2471 1156 2545 ad
1181 2484 1341 2550 nostram

239 2617 390 2682 aetatem
425 2607 582 2684 breviter
617 2615 807 2682 conterere
845 2631 886 2680 ea
920 2615 1050 2696 niente,
1086 2615 1129 2683 ut
1165 2631 1256 2708 quae
1293 2582 1342 2678 sit

237 2741 336 2838 origo
361 2737 501 2830 liuguae
526 2760 674 2832 graecae
697 2735 852 2832 vulgaris
878 2747 1001 2834 aperte
1018 2735 1204 2807 declarem.

357 2843 555 2960 Postquam
563 2859 692 2934 Graeci
706 2863 837 2937 amissa
848 2864 1011 2938 libertato
1024 2863 1091 2938 sub
1099 2861 1338 2938 Macedonum

235 2993 422 3096 imperium
432 2993 566 3085 redacti
578 3002 673 3082 sunt,
683 2992 813 3067 accidit
824 2995 891 3068 sub
902 2991 997 3064 idem
1009 3000 1164 3090 tempus
1176 2993 1339 3068 utricto-

235 3131 286 3208 ris
311 3125 434 3229 populi
459 3125 619 3227 potentia
645 3134 682 3198 et
707 3125 812 3197 armis
836 3145 983 3223 graecus
1009 3145 1129 3194 sermo
1159 3122 1203 3196 ad
1227 3124 1337 3198 Asiae

235 3259 370 3334 incolas
397 3259 602 3332 etiamtum
634 3255 830 3330 litterarum
856 3247 1061 3351 graecarum
1090 3252 1196 3352 plane
1227 3253 1336 3330 rudes
1444 3283 1445 3288 ’

235 3389 449 3492 perveniret.
510 3387 614 3486 Quae
640 3410 698 3458 res
723 3383 807 3456 licet
831 3381 1060 3476 saluberrima
1084 3383 1191 3462 suerit
1216 3361 1338 3458 ad'in-

235 3521 348 3598 cultas
372 3519 522 3600 maxima
546 3543 589 3590 ex
616 3525 715 3614 parte
739 3513 903 3588 nationes
921 3539 964 3586 eo
981 3514 1112 3616 ingenii
1132 3517 1239 3607 cultu,
1264 3525 1337 3618 qu'o

233 3653 364 3730 Graeci
387 3650 521 3728 dudum
545 3646 751 3736 floruerant,
775 3644 1043 3747 impertiendas,
1068 3658 1187 3724 tamen
1218 3649 1334 3750 ipsius
1443 3649 1444 3692 1

234 3787 452 3860 Graecorum
485 3778 659 3858 sermonis
692 3778 847 3854 castitati
885 3789 923 3853 et
956 3777 1152 3880 integritati
1185 3780 1334 3860 multum

233 3913 356 3992 obluit.
406 3912 551 3988 Etenim
576 3907 826 3997 Macedonum,
853 3906 1122 4011 Aegyptiorum,
1154 3913 1335 4012 Syrorum,

157 4133 160 4140 ¹
232 4048 440 4134 Persarum,
478 4041 648 4118 Indorum
679 4042 901 4145 aliorumque
934 4043 1162 4120 barbarorum
1197 4042 1234 4118 in
1272 4065 1335 4116 ore

233 4179 321 4266 liaeo
336 4239 339 4247 ,
352 4175 473 4279 lingua
506 4175 696 4278 depravata
729 4184 766 4292 et
795 4173 982 4277 multiplici
1016 4174 1241 4250 barbararum
1273 4197 1335 4248 vo-

1441 4165 1444 4248 l

1441 4305 1443 4350 l

1440 4409 1443 4480 l
