2870 4874
1124 291 1172 362 69

64 497 162 563 ctum,
187 502 248 563 qua
276 465 509 543 substantivum
536 475 705 561 pluraliter
734 481 939 545 enunciatum
969 502 1041 547 eum
1069 488 1165 550 verbo

60 607 269 689 singulariter
298 621 452 686 expresso
479 601 644 682 jungitur,
672 602 768 685 plane
796 602 948 666 abhorret
969 625 1075 669 sermo
1097 606 1165 693 ple.

57 732 160 811 nepus,
182 728 231 788 ita
251 733 288 784 ut
308 711 350 780 ode
371 710 491 798 βότανα
513 721 553 783 ad
575 713 696 800 plueret
718 725 831 785 referri
853 736 998 803 nequeat.
1035 727 1162 794 Deinde

58 858 198 923 constat,
222 844 310 906 illius
325 844 450 916 aetatis
471 844 646 928 scriptores
669 845 942 930 praepositionem
970 840 1006 904 ἐκ
1027 849 1161 914 barbare

57 991 131 1032 cum
159 967 339 1030 accusativo
367 965 552 1051 plerumque
575 968 808 1048 construxisse,
833 967 916 1047 quod
937 969 1094 1031 sermonis
1116 972 1162 1034 vi·

56 1094 137 1162 tium
169 1089 284 1151 Graeci
311 1089 352 1151 ad
386 1090 551 1168 antiquam
579 1087 641 1172 lrac
670 1091 706 1151 in
734 1109 769 1150 re
795 1093 981 1172 juncturam
1008 1092 1158 1173 regressi,

52 1231 142 1274 nunc
164 1211 295 1273 evitant.
346 1209 497 1294 Ejusdem
524 1209 674 1290 loquendi
702 1213 831 1294 generis
860 1213 946 1276 inira
974 1213 1156 1299 exemplum

50 1343 103 1396 est
131 1349 211 1394 vers.
238 1331 319 1410 1253
357 1317 454 1416 porro
483 1333 566 1416 apud
595 1333 797 1396 Theodorum
824 1335 1035 1398 Prodromum
1063 1336 1157 1400 lib.I

48 1475 134 1518 vers·
167 1451 229 1515 142
258 1448 294 1512 ἐκ
316 1440 538 1532 rdo'sioqqioo,
566 1457 620 1516 ubi
649 1454 770 1518 Coraes
793 1456 914 1518 similes
936 1456 1025 1519 locos
1053 1459 1155 1520 affert.

49 1578 267 1652 Quamobrem
289 1595 399 1638 versus
422 1587 534 1638 noster
556 1577 603 1638 sic
627 1579 857 1640 convertendus
880 1588 943 1640 est:
972 1596 1020 1639 ex
1042 1596 1157 1662 oquae

46 1695 162 1761 herlus
181 1691 228 1784 fit
250 1693 446 1787 alr'rnonium
469 1705 570 1760 turem.
619 1701 710 1774 Quae
733 1699 808 1773 licet
823 1701 870 1760 ita
886 1719 922 1761 se
939 1696 1089 1780 habeant,
1111 1712 1156 1763 ta-

45 1839 213 1882 mennon
235 1821 420 1900 negaverim
442 1821 568 1882 Zenum
596 1825 725 1903 ejusque
754 1820 903 1902 aequales
932 1820 1155 1885 inconstantes

45 1943 148 2004 fuisse
175 1942 213 2002 in
239 1961 300 2002 usu
327 1939 423 2020 hujus
451 1943 711 2025 praepositionis.
760 1943 846 2004 Nam
874 1942 961 2003 inira
988 1962 1082 2005 versu
1111 1941 1153 2008 74

46 2062 211 2145 genitivus
235 2063 266 2122 ei
288 2061 456 2144 adjunctus
478 2061 598 2144 legitur
621 2057 658 2122 ἐκ
674 2054 864 2143 γῆς”Ινδιας
886 2082 983 2148 porro
1000 2083 1092 2126 versu
1110 2063 1152 2128 76

45 2181 84 2244 ἐκ
106 2179 162 2243 τοῦ
183 2177 330 2263 πολέμου.
377 2183 592 2265 Caeteroquin
615 2186 654 2247 de
681 2207 757 2249 uoce
778 2176 813 2244 ed
835 2173 971 2262 βότανον
999 2186 1040 2248 ed
1068 2207 1149 2250 vers.

44 2305 120 2370 258.
145 2308 208 2390 egi·
232 2341 276 2352 —
298 2307 446 2388 Denique
468 2289 568 2386 reptio,
591 2308 674 2389 quod
696 2297 896 2387 sicutmodo
918 2319 951 2370 et
972 2297 1071 2387 ναρόν
1085 2310 1149 2392 pri-

43 2431 141 2492 mitus
164 2430 357 2510 adjectivum
378 2429 502 2490 videtur
523 2430 637 2504 fuisse,
666 2440 779 2490 natum
807 2449 849 2488 ex
876 2419 943 2488 νάω
968 2426 1039 2508 fluo
1070 2429 1150 2490 desi.

42 2552 242 2632 signansque
264 2549 349 2608 idem
372 2549 455 2625 quod
477 2536 588 2623 ὑγρὸν,
609 2566 696 2606 nunc
719 2547 805 2628 apud
819 2546 960 2604 Graecos
977 2565 1102 2627 semper
1114 2549 1150 2608 in

40 2693 105 2734 usu
127 2681 178 2731 est
199 2687 260 2751 pro
281 2655 373 2744 iidoc
417 2662 503 2727 Vide
524 2665 702 2730 Auctorem
722 2662 939 2746 Etymologici
952 2685 979 2726 s.
994 2683 1022 2726 v.
1043 2655 1150 2743 coeptio,

9 2823 15 2831 ·
41 2787 243 2871 Hesp-chium
266 2791 323 2852 sub
347 2787 458 2849 eadem
480 2808 557 2850 voce
588 2799 620 2850 et
647 2788 694 2850 ihi
710 2777 902 2854 'Alhertum
952 2787 1046 2850 Adde
1075 2783 1149 2848 Sal.

39 2932 123 2976 mas.
147 2911 188 2976 ad
211 2909 349 2974 Trebell.
372 2909 457 2973 Poll.
480 2931 513 2995 p.
535 2908 598 2973 311
624 2910 683 2990 (T.
700 2909 744 2972 ΙΙ.
767 2909 808 2974 H.
829 2910 872 2975 A.
895 2931 926 2994 p.
943 2907 1027 2991 303)
1048 2911 1147 2993 ejusd.

40 3035 219 3097 Exercitat.
242 3034 279 3095 in
303 3033 340 3095 C.
363 3032 395 3094 J.
419 3029 529 3094 Solini
550 3029 760 3111 Polyhistora
782 3053 813 3114 p.
837 3031 901 3094 777
924 3034 954 3094 b.
977 3043 1010 3094 et
1031 3053 1062 3116 p.
1081 3030 1146 3094 916

39 3179 69 3220 a.
94 3168 128 3218 et
150 3157 180 3217 si
201 3156 251 3217 vis
274 3176 304 3237 p.
330 3150 432 3231 12983
459 3173 556 3237 porro
579 3153 659 3216 Bod.
689 3172 708 3214 a
731 3148 847 3246 Stapei
868 3153 909 3215 ad
931 3151 1146 3237 Theophrast.

37 3265 86 3343 H.
112 3275 258 3354 PLIV,
290 3272 330 3336 12
359 3297 389 3360 p
414 3271 478 3338 484
507 3278 564 3339 sub
587 3275 642 3338 fin.
671 3285 703 3338 et
725 3273 790 3338 485
812 3295 842 3337 e.
896 3274 944 3338 ct.
974 3286 1006 3338 et
1029 3273 1143 3338 Corais

30 3383 159 3464 nram.
187 3397 223 3460 T.
245 3397 296 3460 IV
322 3407 397 3482 pag.
427 3395 492 3461 349
519 3409 551 3482 et
577 3398 714 3461 Meursii
744 3397 886 3461 Glossar.
908 3398 1144 3464 Graecobarhe-

36 3540 110 3583 rum
140 3541 166 3581 s.
197 3517 229 3580 h.
261 3541 289 3582 v.
319 3521 453 3600 denique
480 3521 645 3602 Ducungii
674 3519 815 3582 Glossar.
839 3522 922 3580 med.
950 3531 984 3580 et
1005 3521 1063 3580 inf.
1086 3517 1142 3577 Gr.

37 3644 129 3710 Tem.
155 3642 225 3725 lp.
250 3639 313 3708 991
343 3663 427 3723 seqq.
452 3653 484 3703 et
507 3641 611 3703 Gloss.
640 3640 722 3702 med.
752 3650 784 3700 et
805 3640 865 3700 ins.
885 3638 958 3701 Lat.
981 3640 1017 3700 in
1039 3633 1141 3698 Nera.

173 3762 216 3823 V.
242 3762 294 3826 61.
339 3757 389 3822 ἀπ’
413 3752 478 3822 ὅσα
499 3763 640 3850 plebejus
659 3783 768 3824 sermo
798 3771 931 3844 usurpat
959 3779 1018 3842 pro
1040 3745 1142 3818 ὁπόσα

39 3888 90 3950 vel
121 3883 232 3970 potius
266 3904 324 3966 pro
355 3877 446 3944 ὁποῖα
479 3889 630 3966 antiquae
665 3883 860 3966 graecitatis.
917 3880 1021 3943 Hodie
1054 3897 1138 3958 vero,

38 4028 138 4088 quum
161 3993 363 4078 ὁποιαδήποτε
388 4007 570 4085 invaluerit,
595 4009 631 4068 in
645 4006 756 4089 paucis
777 4001 881 4064 adhuc
900 4001 1053 4066 Graeciae
1068 4020 1139 4086 pro·

37 4130 156 4192 vinciis
178 4127 306 4190 auditur
327 4117 379 4185 ἀπ’
400 4115 466 4184 ὅσα
487 4127 538 4189 vel
559 4117 675 4187 ἀπὸσα.
727 4125 998 4216 Obitermoneo,
1022 4127 1057 4187 in
1079 4123 1141 4187 hac

41 4252 194 4330 dictione,
217 4262 254 4313 ut
276 4251 312 4313 in
334 4248 446 4326 multis
468 4247 559 4328 aliis,
583 4249 725 4312 litteram
746 4260 872 4312 tenuem
896 4259 971 4313 ante
993 4241 1141 4334 spiritum
