2908 4914
242 216 328 272 XXV!

244 389 478 486 6616166666
504 382 614 459 solius
641 384 866 484 antiquorum
891 381 1057 458 dictionis
1083 387 1229 487 propria
1255 402 1356 482 sunt,

242 521 410 620 judicare,
434 525 626 618 postquam
651 515 832 618 ingenium
856 515 1065 590 recentioris
1090 517 1233 620 linguae
1258 525 1355 622 peri-

243 653 294 728 tia
318 650 363 726 atl
388 651 479 726 tales
503 675 562 723 res
589 578 826 722 66661166666
846 647 950 746 quasi
967 654 1247 748 praeparaveris.
1279 654 1356 728 Ex-

245 783 442 885 emplorum
473 780 587 855 instar
617 780 726 854 citare
756 779 861 851 liceat
893 805 985 877 quae
1010 779 1048 852 in
1074 779 1275 859 Comment
1306 787 1355 860 ad

244 917 363 1001 6963
389 914 435 988 de
458 911 627 988 Infinitivi
652 937 721 984 usu
745 910 782 982 in
800 910 1002 1000 sententiis,
1020 937 1112 1010 quac
1131 913 1240 990 futuri
1264 917 1354 1016 quid

245 1047 444 1148 designant,
469 1042 513 1116 ad
538 1070 570 1116 v.
595 1042 667 1116 468
693 1041 739 1116 (16
764 1067 832 1117 666
861 1051 1064 1141 temporum
1095 1055 1133 1118 et
1163 1046 1352 1122 modorum

245 1177 282 1251 in
307 1173 471 1278 populari
495 1197 670 1264 sermone,
695 1172 740 1248 ad
764 1202 796 1250 v.
824 1175 893 1248 163
925 1173 970 1248 (16
996 1173 1198 1252 discrimine
1221 1179 1352 1254 verbo-

244 1336 323 1384 rum
347 1306 451 1390 ἒνέλω
478 1315 515 1381 66
537 1303 746 1404 βούλομαι,
772 1304 817 1379 ad
841 1305 963 1382 6164
982 1306 1027 1380 de
1045 1317 1251 1382 neutrorum
1269 1309 1352 1410 plu-

215 1441 372 1542 ,ralium
397 1463 478 1514 cum
504 1437 623 1515 verbis
650 1438 903 1538 singularibus
916 1439 1183 1516 constructione
1208 1439 1292 1514 dixi.

389 1571 489 1646 Haec
507 1570 700 1673 generatim
719 1571 765 1643 de
791 1570 970 1668 conjuncti
995 1570 1161 1670 antiquae
1181 1581 1218 1646 66
1235 1599 1347 1652 novae

246 1702 461 1778 Graecitatis
475 1699 586 1775 studii
599 1698 729 1774 utilitat
731 1699 1048 1778 edictasufficiant
1073 1703 1132 1779 Ne
1142 1730 1223 1804 quis
1232 1716 1348 1780 autem

244 1835 281 1906 in
307 1832 453 1908 dubium
477 1840 584 1910 vocet
608 1856 701 1931 quae
725 1832 772 1906 de
795 1835 1082 1933 pronuntiatione
1107 1837 1238 1927 monui,
1261 1865 1348 1928 rem,

208 2065 216 2072 ι
245 1993 337 2066 quae
364 1963 520 2040 Erasmo
555 1963 876 2040 comminiscendae
905 1992 1020 2044 novae
1049 1969 1347 2070 pronuntiationis

244 2121 366 2170 ansam
392 2094 536 2169 dedisse
560 2094 682 2184 fertur,
709 2121 883 2195 exponam
907 2099 1026 2172 verbis
1055 2100 1137 2173 Joh.
1168 2101 1342 2199 Rodolpb.

242 2222 456 2312 Wctstenii‚
466 2248 556 2322 quae
572 2224 609 2298 16
624 2223 859 2302 Orationibus
872 2227 1118 2332 Apologeticis
1131 2260 1197 2334 pro
1212 2233 1342 2310 Graeca

245 2368 282 2432 66
312 2354 463 2458 genuina
496 2354 638 2455 linguae
663 2354 822 2433 Graecae
847 2363 1135 2461 pronuntiatione
1165 2393 1243 2466 pag.
1278 2366 1347 2438 119

244 2499 325 2565 exst
309 2497 402 2564 tzant
451 2486 699 2579 ‚,‚,Videamus
724 2517 830 2585 nunc,
856 2494 983 2596 inquit,
1010 2496 1095 2597 quid
1118 2495 1163 2570 de
1180 2521 1271 2572 nova
1287 2495 1349 2569 illa

243 2621 409 2698 Pandora
425 2621 474 2696 sit
497 2622 735 2721 judicandum,
761 2637 879 2704 utrum
903 2656 1028 2706 omnes
1053 2657 1073 2704 a
1098 2601 1180 2704 Diis
1205 2652 1350 2729 praero-

244 2757 378 2856 gativas
404 2762 442 2824 et
467 2752 659 2854 elegantias
685 2759 886 2852 acceperit?
910 2782 956 2826 an
980 2779 1065 2828 rero
1089 2756 1208 2824 fucato
1227 2759 1349 2830 colore

243 2887 321 2960 suis
345 2891 438 2956 amat
422 2884 560 2960 toribus
586 2883 744 2982 aliquant
729 2881 841 2954 tulum
872 2880 1052 2978 imponat?
1106 2877 1346 2982 Antiquitatis

241 3014 400 3116 speciem
423 3015 552 3116 penula
576 3040 662 3114 prae
688 3039 728 3087 se
751 3011 822 3086 lert
845 3010 972 3110 prisea,
999 3038 1069 3111 qua
1094 3039 1114 3088 6
1138 3013 1348 3092 6161666161-

241 3172 300 3219 me
325 3146 536 3246 spernendis
563 3143 758 3218 cirtcumda
742 3153 815 3218 tur:
847 3143 943 3221 intus
969 3173 1055 3224 vero
1081 3148 1180 3224 6616
1205 3160 1287 3224 6666
1313 3152 1347 3224 61

240 3302 318 3349 eam
358 3275 653 3371 contemplemur,
690 3301 783 3351 nova
815 3288 872 3350 est
905 3287 943 3350 66
972 3279 1095 3352 fraude
1126 3281 1347 3354 memorabili

240 3407 277 3479 in
302 3404 425 3477 orbem
449 3403 661 3476 introtduca
709 3405 852 3483 Primus
879 3408 973 3484 enim
999 3411 1074 3506 ejus
1094 3419 1217 3484 auctor
1236 3417 1346 3506 atque

240 3563 371 3640 parens
396 3561 543 3638 magnus
568 3534 635 3609 luit
659 3535 844 3632 Erasmus,
870 3540 1032 3616 Phoenix
1055 3538 1097 3614 lit
1081 3518 1290 3642 teratorum3
1312 3540 1346 3616 is

240 3674 278 3748 in
304 3669 443 3772 dialogo
474 3669 520 3744 de
544 3671 834 3770 pronuntiatione
860 3672 973 3762 edito,
1004 3681 1175 3771 quantum
1207 3635 1348 3772 6666111-
1440 3749 1441 3762 p

239 3805 303 3879 bet
329 3804 542 3878 elementum
567 3829 587 3876 a
611 3802 812 3902 priscorum
829 3815 1037 3904 temporum
1066 3830 1136 3879 usu
1165 3803 1346 3896 defecerit,

242 3945 279 4009 66
305 3960 376 4031 qua
399 3935 537 4008 ratione
563 3934 606 4012 ad
633 3936 786 4035 priscam
810 3937 1002 4034 puritatem
1026 3937 1143 4012 redire
1163 3961 1346 4036 queamus
1440 4021 1441 4024 Ἴ

241 4062 485 4164 praescribere
509 4065 645 4163 primus
672 4077 729 4141 est
753 4093 878 4158 ausus3
904 4068 970 4144 sed
994 4095 1178 4168 nunquam
1209 4094 1252 4142 eo
1286 4069 1346 4142 de-

240 4196 402 4274 venisset
431 4192 487 4271 vir
518 4194 833 4294 prudentissimus,
871 4200 942 4278 nisi
975 4202 1169 4282 amicorum
1206 4200 1344 4280 insidiis
1440 4239 1441 4265 ι
