2908 4914
1095 317 1192 371 XXXV

86 480 220 558 collate
242 479 413 584 legendos
430 480 603 556 'omnibns
631 479 681 556 ita
705 483 906 560 necessaria
927 483 1096 590 ’novitiae'
1123 485 1189 560 lin-

86 640 176 714 guae
195 614 355 690 scientia
386 621 458 702 est,
488 621 530 686 ut
555 613 631 709 ejus
655 612 828 712 ignoratio
859 641 940 690 cum
969 641 1097 718 magno
1128 617 1189 692 de·
1238 693 1242 696 ,
1283 610 1291 618 ’

82 746 253 820 trimento
278 747 468 843 conjuncta
492 743 549 818 sit
597 741 720 820 Primo
743 741 825 820 loco'
848 745 895 820 de
919 737 1119 824 sclioliaetis
1151 759 1189 824 et

81 873 502 975 hypomnematographis
539 873 676 974 loquar.
732 875 911 974 Quorum
934 876 1040 951 lectio
1078 906 1187 979 quum

84 1004 270 1080 utilissima
296 1005 483 1107 philologis
509 1006 654 1081 sitnon
679 1005 786 1080 modo
812 1005 857 1080 ad
882 1005 990 1098 illum,
1009 1009 1071 1107 qui
1096 1007 1187 1084 lorte

82 1136 285 1236 explicatur,
311 1148 490 1212 auctorem
515 1147 614 1212 recte
640 1137 899 1239 accipiendum,
930 1137 997 1213 sed
1027 1137 1072 1212 ad
1102 1137 1186 1212 alio-

78 1293 157 1342 rum
183 1268 287 1344 etism
311 1269 527 1370 scriptorum
551 1269 650 1344 locos
674 1268 941 1370 intelligendos,
974 1269 1037 1368 qni
1060 1295 1185 1372 saepe-

78 1423 229 1474 numero
254 1400 369 1499 ipsius
400 1400 555 1474 auctoris
586 1400 730 1474 nomine
755 1424 951 1500 suppresso
981 1402 1186 1476 memoriter

78 1529 250 1606 citantur:
276 1529 468 1604 dolendum
495 1539 561 1618 est,
585 1555 720 1628 paucos
752 1529 901 1603 edendis
935 1531 1188 1630 expurgandis·

78 1686 151 1758 qne
181 1660 238 1736 bis
254 1659 490 1738 ¹Graecorum
519 1659 809 1734 adnotationibus
847 1669 885 1734 et
922 1659 1184 1734 commentariis

76 1815 219 1866 manum
258 1792 470 1868 admovisse.
536 1790 589 1867 At
626 1791 731 1868 valde
766 1791 876 1866 distat
897 1781 1184 1869 ¹scholiastarum

78 1921 261 1998 scribendi
286 1947 403 2020 geniis
425 1947 445 1993 a
468 1920 630 1994 florentis
655 1921 735 1994 aevi
752 1921 953 2019 graecitate.
1005 1901 1129 2018 Quare
1146 1924 1185 1996 in

77 2049 208 2123 horum
238 2048 408 2150 loquendi
437 2047 598 2124 formulis
628 2049 807 2122 interdum
840 2049 946 2122 etiam
971 2073 1097 2148 graece
1123 2049 1185 2124 do-
1285 2037 1287 2048 ¹

76 2189 158 2254 ctos
182 2179 345 2254 homines
371 2177 543 2274 haesisse,
567 2179 695 2254 merito
720 2180 770 2254 ait
793 2179 983 2254 Ernestins
1014 2181 1053 2254 in
1082 2207 1184 2281 prae-

6 2409 7 2414 *
75 2310 209 2385 latione
234 2311 279 2385 ad
303 2311 558 2412 Aristophanis
580 2311 705 2386 nubes.
757 2309 917 2386 Omnino
936 2321 1054 2386 autem
1074 2311 1182 2387 dictio

75 2441 357 2532 scholiastarum,
381 2441 757 2541 qui'Aristophanem‚
789 2441 1017 2541 Aeschylum,
1042 2442 1184 2542 Sopho-

75 2573 179 2660 clem,
202 2571 424 2670 Euripidem,
446 2570 653 2654 Pindarum,
668 2571 875 2658 Homerum,
896 2569 1182 2666 Lycophronem,

6 2789 8 2802 p
75 2699 303 2777 Nicandrum
326 2699 487 2796 aliosque
511 2697 707 2796 scriptores
733 2696 975 2795 explanarunt,
1008 2698 1183 2794 ejusmodi

7 2837 8 2840 ’
77 2841 145 2918 est,
172 2839 212 2904 nt
236 2839 384 2930 propter
394 2826 649 2905 uocabulorum
668 2837 705 2902 et
722 2825 903 2926 phrasium
919 2826 1182 2904 multitudinem

74 2962 121 3036 ad
147 2961 322 3036 inferioris
348 2960 474 3034 aetatis
506 2959 733 3060 graecitatem
763 2958 1016 3058 pertinentium
1049 2959 1094 3035 iis
1126 2989 1183 3036 ca-

74 3103 141 3194 ptu
166 3091 319 3167 difficilis
343 3092 525 3175 videntem
545 3090 607 3188 qni
632 3091 707 3162 sola
733 3090 898 3189 antiquae
916 3090 1088 3165 Graeciae
1106 3075 1181 3168 nlo·

64 3233 245 3298 momenta
271 3247 376 3295 mann
400 3245 546 3299 versare
570 3231 842 3297 consueverunt.
899 3217 960 3296 Ob
992 3221 1086 3294 hanc
1116 3222 1181 3321 igi-

72 3367 140 3430 tur
169 3352 343 3428 sermonis
375 3353 634 3444 difficultatem,
666 3379 758 3453 quac
789 3351 911 3426 lexicis
941 3353 1076 3428 nostris
1107 3379 1196 3458 non·

73 3484 222 3576 tollitur,
242 3496 280 3560 et
304 3485 350 3559 ob
375 3511 557 3586 nugarum,
583 3511 675 3584 quae
699 3485 737 3557 in
753 3484 899 3567 scholiis
915 3483 1091 3584 leguntur,
1107 3509 1181 3572 non
1277 3501 1280 3508 ’

76 3619 240 3716 exiguum
260 3599 445 3692 numerum
463 3615 565 3691 multi
578 3615 788 3692 scholiastes
807 3615 988 3716 negligere
1007 3635 1113 3712 quam
1131 3609 1181 3683 le-
1271 3647 1277 3660 =

76 3773 161 3850 gere
179 3747 321 3824 malunt.
356 3747 492 3825 Verum
517 3773 609 3847 quae
628 3747 672 3824 ad
690 3771 759 3822 nos
779 3753 1019 3846 pervenerunt
1036 3740 1181 3831 scholia,

75 3879 163 3952 licet
180 3879 329 3951 mnxnna
346 3904 391 3954 ex
406 3879 507 3981 parte
523 3889 691 3978 excerpta
710 3879 782 3952 sint:
800 3903 845 3950 ox
864 3871 1179 3973 praestantissimis

78 4010 276 4098 doctorum,
291 4009 425 4107 quisub
433 4011 645 4090 Ptolemaeis
653 4010 826 4093 vixerunt
835 4002 1183 4082 virorum'commen-

78 4143 183 4216 tariis.
194 4151 313 4214 tamen
328 4137 411 4239 quia
428 4139 617 4214 admixtam
634 4141 769 4213 hahent
784 4135 890 4211 medii
909 4137 988 4214 aevi
1013 4137 1181 4212 falsarum

6 4251 8 4272 ¹
81 4273 287 4374 opinionum
300 4269 521 4374 lanuginem,
542 4295 620 4346 cum
634 4270 766 4371 judicio
782 4267 826 4350 et
845 4268 1015 4361 acumine,
1040 4277 1082 4344 ut
1099 4293 1183 4346 vera
1299 4277 1305 4287 ‘

832 4406 846 4438 *
860 4408 875 4446 lt
888 4407 902 4443 t<
916 4403 939 4472 2
