2860 4870
1134 283 1200 361 idi

91 477 245 564 usurpari
273 475 439 552 dixerunt,
469 470 579 535 eodem
609 491 719 535 errore
748 471 819 538 duci
848 461 1011 555 videntur,
1041 494 1120 556 quo,
1144 481 1197 558 qui

5 637 10 660 t
87 601 179 687 apud
194 599 339 666 >Latinos
352 591 417 683 sui
438 605 472 660 et
493 591 614 658 exstiti
637 593 722 657 haud
745 615 861 679 magno
884 597 1069 660 discrimine
1091 602 1196 682 sejun-

86 734 147 786 cta
169 742 242 784 esse
264 720 329 782 rati
350 727 432 782 sunt
477 716 526 782 Ea
548 716 672 781 seilicet
695 718 858 797 utriusque
886 719 975 782 verbi
995 731 1114 784 natura
1135 734 1193 803 cst,

86 843 204 924 quasi
220 841 275 923 qui
293 851 451 924 oratoreS,
470 851 506 903 ut
518 838 579 904 hoo
594 852 667 904 utar
682 837 839 923 exemplo,
863 849 968 900 aetate
984 842 1119 920 quadam
1132 841 1195 928 su.

86 961 159 1028 isse
171 962 394 1048 perhibentur,
408 964 442 1024 in
457 962 497 1024 iis
510 974 634 1046 tempus
649 981 710 1042 quo
723 961 892 1040 vixerunt,
907 960 1012 1023 solunt
1025 973 1194 1046 spectetur,

84 1088 117 1150 si
142 1089 196 1168 qui
217 1081 392 1150 exstitisse
414 1085 575 1164 dicuntur,
598 1086 634 1147 in
655 1086 697 1148 iis
720 1103 787 1146 non
809 1080 913 1146 solum
937 1077 1005 1165 ejus
1028 1087 1193 1170 temporis,

83 1229 150 1289 quo
174 1210 314 1287 suerunt,
336 1207 392 1270 sed
414 1207 522 1285 etiarn,
546 1227 696 1287 quonon
720 1207 865 1282 fuerunt,
888 1217 921 1268 et
949 1225 1009 1286 quo
1037 1207 1193 1292 paulatim
1253 1261 1256 1268 .

84 1342 120 1394 et
145 1295 236 1411 quasi
258 1347 316 1414 per
339 1327 456 1410 gradus
475 1329 633 1408 ¹quosdam
656 1329 696 1408 ad
720 1329 894 1390 oratoriam
917 1327 1100 1391 facultatem
1122 1351 1192 1416 per.

83 1464 256 1530 venerunt,
280 1451 363 1514 ratio
386 1451 528 1514 dueatur.
574 1437 689 1512 Fusius
702 1447 792 1512 ‘haee
814 1451 959 1536 exposui,
983 1462 1018 1512 ut
1040 1453 1193 1530 quidDa-

81 1575 169 1638 vidis
193 1575 303 1659 opinio
327 1585 360 1637 et
383 1573 506 1635 veriet
535 1568 609 1636 falsi
640 1561 820 1651 contineat,
855 1572 1122 1651 demonstrarem,
1152 1593 1193 1636 ne

82 1699 156 1778 quis
186 1698 269 1758 sorte
298 1697 367 1777 ejus
396 1695 587 1758 auctoritate
617 1695 765 1756 inductus
797 1704 942 1779 tempora
973 1693 1069 1756 hodie
1097 1695 1192 1778 longe

81 1818 191 1896 aliter,
216 1836 311 1898 quam
333 1817 419 1900 apud
441 1825 574 1896 veteres,
607 1817 757 1900 usurpari
781 1816 982 1879 existimaret
1014 1837 1053 1880 ac
1081 1831 1191 1880 nostro

81 1925 382 2025 potissimurn'loco
405 1938 624 2022 imperfectum
647 1937 834 2020 significatu
850 1940 889 2000 ab
911 1939 1031 2001 aoristo
1053 1959 1119 2001 non
1135 1941 1192 2002 dis-

83 2065 170 2124 serre
194 2063 390 2146 opinaretur.
436 2059 551 2125 Finem
573 2058 649 2122 lruio
678 2061 717 2122 de
741 2071 918 2145 temporum
946 2064 1191 2144 praeteritorum

83 2195 146 2246 usu
169 2183 381 2269 disputationi
403 2183 568 2268 imponere
591 2171 727 2266 possem,
760 2183 830 2244 nisi¹
848 2202 899 2243 res
921 2183 1084 2267 postulare
1107 2185 1190 2248 'vide-

5 2353 11 2372 ,
82 2317 189 2385 retur,
218 2317 253 2367 ut
281 2307 320 2369 de
347 2303 649 2390 plusquamperfecti
672 2313 705 2366 et
726 2304 825 2366 futuri
848 2305 1000 2390 temporis
1024 2307 1189 2370 circumlo-

81 2429 264 2491 cutionibus
288 2427 442 2504 quaedam
465 2426 665 2488 dissererem.

216 2521 525 2629 Plusquamperlecti
547 2563 612 2606 una
635 2556 759 2608 tantum
781 2547 979 2632 periphrasis
995 2546 1113 2610 usitata
1128 2561 1187 2630 est,

85 2668 262 2752 composita
284 2667 468 2752 imperfecto
492 2667 579 2741 verbi
603 2653 668 2738 ἔχω
691 2678 801 2748 atque,
824 2681 859 2731 ut
881 2671 919 2732 de
941 2669 1068 2756 passivo
1097 2671 1186 2754 prius

84 2790 211 2870 loquar,
242 2790 502 2870 quemadmodum
535 2785 657 2852 Coraes
681 2793 846 2869 eerrsehat,
870 2793 978 2854 dorico
1002 2777 1120 2854 aoristi
1138 2793 1186 2854 in-

81 2913 215 2976 finitivo.
268 2913 332 2988 Qui
361 2933 456 2992 quum
485 2914 520 2976 in
549 2915 676 2998 passivo
705 2884 796 2976 veriti
824 2900 940 2993 γράφω
969 2914 1053 2996 apud
1081 2913 1186 2976 Dores

81 3036 176 3098 suerit
197 3032 351 3114 γραφὲῆυ
371 3055 430 3118 pro
449 3031 761 3114 αῑῐίοοῳραφῡῆναι,
779 3036 920 3096 recentis
936 3035 1052 3096 aetatis
1069 3033 1185 3098 Graeci

81 3155 164 3220 nihil
187 3156 218 3218 ei
241 3139 392 3219 omittere
415 3155 613 3234 videbantur,
637 3159 702 3220 nisi
719 3179 739 3214 ν
754 3155 862 3234 finale,
886 3142 962 3226 εἷχα
982 3153 1117 3235 penori
1139 3157 1184 3220 di.

82 3289 188 3342 centes
209 3297 268 3364 pro
292 3264 516 3360 lycopolitano..
560 3278 650 3342 Haec
678 3280 806 3367 opinio,
831 3296 935 3374 quarn,
958 3300 1000 3344 ne
1024 3281 1182 3367 copiosius

81 3403 182 3466 dicere
205 3413 334 3466 coaetus
356 3423 471 3484 essem,
494 3422 592 3488 supra
615 3403 651 3464 in
673 3405 746 3466 adn.
768 3403 808 3466 ad
831 3423 857 3466 v.
886 3402 946 3467 117
971 3403 1130 3488 adoptari,
1153 3405 1182 3464 si

79 3546 100 3588 a
113 3525 217 3608 speeie
235 3525 314 3599 veri,
338 3543 432 3600 quam
449 3527 588 3605 praebet,
605 3523 803 3596 discesseris,
827 3523 999 3584 salsissima
1023 3533 1081 3584 eet.
1111 3520 1180 3582 Dii·
1199 3561 1203 3564 -

81 3644 174 3708 fieilis
202 3647 301 3708 etiam
331 3643 415 3704 ratio
445 3639 749 3725 plusquamperleeti
779 3639 874 3699 activi
904 3635 968 3718 ests,
993 3641 1074 3718 quod
1103 3637 1180 3702 olim

35 3767 40 3774 '
82 3787 149 3829 oum
171 3767 281 3828 eodem
305 3765 408 3828 Corae
431 3761 513 3826 lalso
536 3761 680 3824 scribens
703 3759 895 3838 loquensque
918 3759 1025 3823 littera
1042 3769 1108 3822 rton
1126 3780 1179 3821 ne-

82 3887 218 3954 cessaria
245 3887 328 3950 attxi.
381 3885 502 3950 Coraes
533 3885 619 3946 enim
652 3883 736 3946 hane
765 3879 1077 3944 circumlocutionem
1105 3867 1179 3953 εἷχα

81 4001 193 4096 γράψει
214 4029 274 4096 pro
298 3997 486 4088 e'yeypolcpem
507 4029 528 4066 v
548 4006 642 4070 finali
665 4005 801 4083 ornavit,
827 4015 861 4066 ut
885 4003 958 4064 hoio
973 4005 1100 4068 dicendi
1116 4007 1177 4070 lor-

83 4135 180 4200 mulae
203 4131 406 4214 antiquitatis
429 4128 567 4194 colorem
590 4127 787 4192 conciliaret.
852 4126 993 4206 idcirco,
1017 4140 1049 4192 ut
1072 4133 1386 4473 exem-s&
