2860 4870
246 262 313 333 112

244 489 288 505 -
310 443 469 537 τορνευιὸς
490 474 558 521 non
579 465 630 520 eat
650 451 838 532 tornatilis,
859 465 896 521 ut
913 455 1047 522 Cresius
1069 457 1282 543 malescunt,
1300 465 1359 532 sed

243 589 411 648 tornatus.
561 667 564 674 Δ
1010 655 1014 661 ,

375 700 418 765 V.
442 697 516 767 240.
562 689 710 782 ε’σῦμωσε
737 721 805 765 aor.
833 702 922 765 verbi
949 689 1096 781 συμόνω,
1124 723 1274 789 proquo
1298 710 1358 775 alii

244 815 376 906 σιμέηιο,
399 827 553 904 scritum,
577 821 879 911 appropinquandi
907 825 971 886 vim
1000 823 1156 888 habentis.
1208 827 1357 898 Verbum

244 948 322 1029 hoc,
353 969 414 1030 quo
444 948 507 1011 soli
535 947 732 1010 recentiores
753 959 903 1027 utuntur,
927 945 1014 1008 dubii
1037 959 1087 1010 cst
1107 951 1218 1030 etymi.
1264 954 1357 1021 Male

244 1075 331 1134 enim
353 1072 387 1133 id
410 1069 532 1132 Coracs
552 1062 672 1129 Ἀνακτ.
694 1069 786 1130 Tom.
809 1068 860 1131 IV
883 1090 913 1154 p.
933 1065 998 1132 498
1021 1071 1217 1153 abantiquo
1240 1069 1353 1157 σιμόω,

243 1203 444 1278 repugnante
466 1190 661 1273 significatu,
685 1210 788 1270 quem,
811 1210 872 1271 quo
894 1189 973 1270 vult,
996 1192 1077 1254 mire
1100 1172 1270 1277 detorduet,
1293 1201 1346 1262 de.

244 1316 358 1379 ducere
387 1323 532 1375 conatur.
584 1311 735 1377 Fortasse
763 1324 800 1376 ut
828 1301 996 1393 doroutdco
1024 1310 1214 1399 colloquor,
1231 1321 1351 1409 limgo,

243 1435 334 1516 ιιιιὶο,
358 1437 392 1498 in
415 1436 596 1499 recentiore
618 1435 732 1520 lingua
754 1438 794 1500 ab
817 1425 948 1516 ἀνιάμα
969 1457 1049 1517 una,
1072 1435 1181 1512 simul,
1205 1445 1290 1521 quod
1313 1468 1353 1510 ex

244 1555 279 1620 ἕν
300 1556 342 1637 τῷ
364 1547 436 1640 ἅμα
458 1570 594 1640 constat,
618 1580 765 1622 manasse
788 1571 912 1622 certum
934 1572 993 1639 cst,
1017 1561 1065 1622 ita
1086 1551 1353 1642 cvutdooevocu.

242 1684 285 1747 lis
307 1673 426 1745 σύνει
448 1671 529 1762 ἅμα,
552 1695 588 1746 ιιι
609 1681 795 1765 Dehdquius
818 1701 940 1763 quoque
962 1681 997 1744 in
1019 1682 1108 1746 Dict.
1131 1705 1178 1768 gr.
1203 1678 1291 1752 mod.
1314 1693 1351 1754 ir.

244 1817 363 1884 censet,
386 1806 556 1867 formatum
580 1790 636 1867 cst.
680 1803 770 1867 Idem
800 1824 885 1877 vcro,
910 1814 971 1882 est,
994 1805 1111 1886 siquis
1135 1829 1176 1870 ex
1198 1810 1353 1877 adverbio

243 1918 336 2009 συμά
364 1945 489 2013 prope,
512 1926 622 2012 jusum
654 1927 785 1990 fluxisse
813 1927 915 2006 dicat,
949 1926 1031 2007 quod
1059 1950 1101 1992 ex
1128 1919 1189 1990 cdv
1216 1945 1250 1997 et
1277 1923 1355 2016 ἅμα

242 2051 454 2136 compositum
476 2071 549 2112 esse
568 2048 678 2131 liquet.
703 2085 746 2095 -
767 2040 884 2124 niocio'
910 2049 931 2111 i.
955 2071 982 2111 c.
1006 2042 1145 2126 πλησίον.

373 2169 418 2232 V.
442 2169 516 2233 tit.
561 2160 605 2230 vd
625 2159 764 2250 ἧξεῦρειε
787 2170 1019 2255 conjunctivus
1049 2173 1187 2258 vulgaris
1212 2198 1274 2262 pro
1303 2168 1354 2241 vd
1406 2159 1411 2174 ’

243 2279 389 2372 ε’ξείρητε.
432 2289 510 2352 Vid.
544 2290 585 2354 ad
611 2290 747 2375 Dialogi
780 2313 862 2358 vers.
895 2291 945 2358 13.
984 2329 1027 2343 -
1061 2285 1213 2374 βατράκοι
1244 2302 1352 2364 metri

243 2435 339 2480 causa
360 2434 421 2500 pro
443 2402 608 2494 βάτραχοι.

374 2535 416 2599 V.
441 2534 516 2601 222.
560 2526 722 2618 κάμνουυε
748 2536 800 2602 vel
827 2529 975 2622 κάμνουιι
1002 2542 1023 2605 i.
1051 2557 1080 2622 q.
1109 2524 1275 2620 κάμνουσι.
1302 2573 1352 2588 -
1414 2593 1415 2625 .

239 2652 331 2744 μάχη
353 2662 375 2724 i.
396 2682 423 2723 e.
445 2647 566 2740 μάχην.
1170 2663 1176 2672 ’

374 2781 416 2844 V.
440 2778 514 2846 2⁴13.
560 2774 588 2842 κ’
613 2776 711 2864 ε’μένα
732 2777 774 2867 μὲ
788 2777 982 2882 dictionarium·
1026 2780 1067 2841 In
1081 2780 1135 2843 his
1151 2784 1257 2846 verbis
1271 2804 1349 2869 pro·
1412 2774 1413 2810 1

240 2925 360 2972 nomen
382 2923 435 2968 me
457 2904 628 2991 dupliciter
650 2923 835 2996 expressum
859 2912 917 2978 est,
940 2911 975 2962 ut
997 2920 1104 2986 saepe,
1128 2902 1256 2984 quando
1272 2909 1348 2987 quis
1410 2925 1411 2938 ι

242 3049 315 3094 cum
337 3026 483 3114 emphasi
505 3027 656 3110 loquitur.
685 3031 735 3094 lta
759 3023 860 3088 Galli:
884 3018 963 3098 moi,
984 3019 1012 3086 il
1033 3043 1085 3088 rue
1104 3021 1228 3110 paruit
1245 3021 1348 3105 ε’μένα
1408 2945 1411 3085 1

239 3144 281 3234 μὶ
309 3139 463 3231 univoce.
515 3151 564 3215 ct.
593 3151 709 3217 David.
738 3145 839 3214 Mc'th.
867 3168 899 3235 p.
928 3149 1052 3214 etudier
1079 3147 1102 3212 l.
1129 3148 1151 3211 l.
1182 3169 1229 3232 gr.
1258 3151 1343 3213 mod.
1408 3129 1409 3176 t

240 3296 273 3363 p.
301 3274 354 3338 71.
382 3305 426 3320 —-
454 3262 600 3356 καθάρια
625 3293 684 3361 pro
712 3263 878 3353 καθαρίως
910 3269 1053 3349 diserte,
1075 3268 1164 3337 bonu
1181 3265 1267 3357 fide,
1291 3268 1345 3336 nit

239 3392 439 3462 mentiendo.
556 3387 560 3398 ¹
1405 3389 1406 3451 1

370 3519 414 3583 V.
437 3516 514 3584 244.
558 3509 601 3578 coi
619 3510 727 3598 ’μπῆιε
748 3516 770 3579 i.
794 3536 822 3578 e.
844 3504 888 3574 voi
909 3506 1022 3594 ἐμβῆτε
1044 3510 1074 3576 2.
1096 3533 1180 3600 pers.
1202 3511 1249 3600 pl.
1271 3535 1341 3582 aar·

240 3648 323 3729 conj.
345 3645 433 3710 verbi
456 3633 606 3724 ἐμβαίνω,
628 3640 724 3723 vulgo
747 3629 896 3720 ἒμπαῖνω.
919 3669 964 3683 ·—-
984 3628 1025 3694 τὰ
1046 3624 1176 3715 ἅρματα
1198 3639 1340 3725 explicui
1400 3649 1403 3734 t

238 3767 281 3833 ad
302 3789 382 3832 vers.
405 3763 479 3829 221.
503 3797 546 3810 -
568 3751 612 3821 νὰ
632 3750 760 3821 occicus
782 3759 811 3822 2.
835 3778 918 3845 pers.
941 3757 985 3844 pl.
1009 3759 1094 3841 conj.
1119 3777 1183 3822 eor.
1200 3773 1263 3824 act·
1279 3782 1340 3848 pro
1400 3737 1402 3832 1

238 3913 276 3956 ec
305 3890 388 3972 quod
415 3887 534 3952 eruditi
561 3885 765 3965 antiquorum
792 3900 880 3944 more
909 3880 1055 3945 scribunt
1081 3868 1218 3957 πιάσητε.
1261 3883 1340 3948 Vid.
1399 3929 1400 4001 1

126 4087 132 4094 ,
237 4012 279 4077 ad
299 4032 381 4074 vers.
403 4007 479 4074 203.

369 4129 413 4191 V.
436 4128 511 4196 245.
557 4121 687 4210 ἕμάῇαιι
706 4126 802 4189 metri
824 4145 920 4191 causa
941 4147 1001 4214 pro
1019 4114 1159 4208 ἔμαῑιαιι.
1175 4159 1219 4174 -
1236 4111 1342 4187 eiiiact

235 4273 296 4342 pro
318 4239 417 4330 cidon,
439 4251 463 4315 i.
486 4274 514 4316 e.
537 4240 632 4330 εἶδον,
652 4245 820 4314 viderunt.
867 4249 1001 4316 erastus
1014 4249 1100 4315 male
1116 4251 1214 4314 vertit
1228 4245 1340 4313 sciunt

1243 4390 1339 4453 quasi
