2908 4914
1084 396 1174 446 XXX!

66 597 86 642 a
111 569 250 645 Latinis
275 567 393 645 littera
417 569 453 658 b,
478 566 577 644 velut
597 566 851 671 Ἀλκιβιάδης,
875 565 1082 666 Βόσπορος,
1108 564 1172 642 Al·

65 701 234 792 cibiades,
259 703 458 800 Bosporus,
482 699 563 774 inde
582 698 741 775 Graecos
758 699 810 774 sic
827 699 1079 800 pronuntiasse
1096 724 1170 772 nou

63 833 177 934 raragis
204 831 322 932 colligi
346 840 476 931 potest,
503 857 608 929 quam
634 831 667 906 si
693 831 775 930 quis
801 856 846 904 ex
866 828 994 902 italicis
1018 831 1171 907 vocabu-

64 965 110 1037 lis
137 963 281 1036 cucullo
311 973 347 1038 et
372 965 496 1037 tnoolu
528 963 585 1038 vel
616 989 661 1038 ex
694 962 819 1065 gallico
850 963 943 1034 livre
974 959 1171 1050 concludat,

65 1096 249 1170 Romanos
274 1095 472 1182 caballum,
506 1094 667 1168 tabulam
699 1104 737 1170 et
765 1093 898 1168 librum
927 1117 1079 1169 vocasse
1111 1117 1173 1166 cu-

63 1228 216 1312 onllum,
247 1228 408 1302 involem
437 1227 496 1302 vel
525 1228 686 1302 taculum
718 1235 755 1302 et
778 1227 918 1300 liorem.
967 1225 1049 1300 Huc
1073 1250 1173 1300 acee-

63 1357 128 1447 dit,
154 1357 252 1458 quod
276 1360 313 1432 in
337 1359 495 1458 antiquis
520 1359 813 1460 inscriptionibus
837 1356 957 1432 latinis
974 1357 1082 1444 dixit,
1098 1383 1173 1430 ser-

63 1489 147 1574 dus,
174 1491 349 1576 ornuoile,
380 1493 637 1576 venementer,
666 1490 776 1565 Joois
799 1516 865 1591 pro
889 1484 1004 1574 vixit,
1035 1515 1172 1578 sarnus,

38 1619 235 1720 ‚aasabim
260 1621 509 1708 benemeritus,
533 1619 643 1695 Jovis
665 1620 804 1723 legitur,
829 1620 925 1696 uude
949 1618 1079 1721 liquet,
1104 1619 1172 1694 sre-

65 1762 218 1852 quenter
242 1754 381 1852 priscos
406 1752 589 1828 Romanos
615 1755 638 1828 b
662 1764 701 1829 et
724 1781 746 1826 o
770 1764 1003 1853 permutasse.
1033 1751 1172 1828 Eadem

64 1886 156 1959 ratio
180 1885 314 1960 vocalis
339 1917 365 1985 η
391 1894 457 1972 est,
482 1911 554 1982 qua
577 1884 696 1958 littera
730 1886 851 1959 Latini
882 1894 1045 1958 carentes
1078 1885 1173 1958 sicut

67 2015 201 2086 caeteri
217 2013 386 2110 Europae
403 2013 526 2112 populi
550 2013 837 2113 nescientesque,
863 2011 1043 2112 quomodo
1061 2021 1173 2086 totam

66 2147 144 2242 ejus
163 2143 236 2217 viru
261 2143 508 2243 exprimerent,
529 2143 634 2219 modo
651 2144 786 2220 rectius
804 2146 1033 2220 enuntiarunt
1054 2143 1172 2220 littera

64 2279 91 2362 i,
106 2278 200 2350 lirae
225 2285 262 2350 et
280 2277 401 2375 psittu
426 2275 586 2354 diceutes
612 2303 678 2378 pro
702 2277 811 2381 λκῆροι
835 2288 872 2353 et
895 2281 1039 2386 ψῆττα,
1064 2277 1172 2352 modo

11 2425 15 2430 “
67 2407 242 2482 elemento
274 2435 296 2480 e
325 2407 476 2484 reddere
501 2419 700 2499 tentarunt,
725 2407 894 2484 Athenas
918 2421 956 2485 et
979 2409 1070 2484 echo
1096 2435 1174 2486 ver-

65 2549 185 2614 tentes
212 2565 305 2637 quae
331 2565 458 2638 graece
483 2550 615 2614 sonant
634 2541 806 2636 Ἀθῆναι
823 2551 861 2612 et
875 2538 970 2638 ἠχώ.
1011 2539 1174 2634 Quicun-

66 2695 139 2769 que
163 2661 250 2739 hiuc
274 2669 381 2762 cogit,
404 2697 431 2764 η
456 2665 674 2740 efferendum
706 2691 788 2740 esse
818 2677 861 2740 ut
890 2692 911 2738 e
946 2665 1067 2764 (quod
1098 2664 1176 2764 plu·

66 2797 149 2872 rimi
181 2794 286 2870 simul
314 2793 404 2868 locis
440 2795 652 2894 quibusdam
682 2806 844 2875 veterum
875 2822 949 2872 nou
981 2795 1174 2872 intellectis

66 2929 313 3006 demonstrare
336 2931 543 3024 conantur,)
575 2929 701 3004 eodem
726 2929 834 3004 modo
868 2929 1036 3008 videntur
1063 2929 1174 3006 hallu-

67 3060 193 3150 cinari,
226 3061 392 3160 qnoqui
424 3087 470 3134 ex
494 3061 617 3135 Italica
647 3087 736 3138 voce
761 3061 894 3140 lettera
917 3061 975 3140 vel
1000 3088 1021 3136 e
1047 3063 1185 3163 gallico

65 3192 208 3267 nornine
233 3203 336 3267 oertn
361 3193 535 3292 consequi
559 3203 671 3293 putat,
696 3204 738 3269 ut
759 3193 882 3270 Latirri
906 3192 1174 3269 olim'litterom
1267 3201 1272 3213 '

66 3335 104 3398 et
127 3325 296 3395 virtutem
321 3322 531 3424 appellarint
554 3326 720 3400 letterom
752 3337 789 3403 et
818 3338 1000 3402 venerem.
1055 3326 1172 3419 Adde,

66 3453 166 3554 quod
189 3455 299 3554 prisci
329 3455 451 3530 Latini
482 3458 694 3558 quibusdam
725 3460 764 3534 in
792 3460 944 3537 vocibus
973 3487 994 3533 e
1024 3486 1173 3559 usurpa-

65 3587 153 3659 bant
177 3611 243 3685 pro
268 3590 300 3678 i,
324 3587 363 3660 in
388 3588 466 3664 aliis
492 3590 545 3666 sie
569 3591 807 3690 proferebant,
833 3603 873 3668 ut
893 3614 1013 3690 neque
1031 3617 1052 3663 e
1067 3589 1173 3690 plane

64 3743 183 3816 neque
216 3720 233 3790 ι’
261 3718 451 3796 audiretur.
506 3721 628 3800 Testis
655 3722 920 3824 Quinctiliauus
950 3721 1010 3802 lib.
1034 3717 1054 3793 I
1079 3745 1109 3792 o
1133 3721 1174 3796 4:

64 3876 113 3939 „e
140 3873 289 3948 quoque
311 3853 327 3922 i
349 3853 428 3927 loco
454 3853 531 3945 suit,
558 3864 599 3930 ut
622 3855 797 3932 Menerva
822 3863 860 3928 et
883 3851 1004 3925 Leber
1034 3858 1071 3923 et
1092 3848 1173 3926 Ma·

26 4025 27 4040 ,
65 3991 186 4082 gestet
211 3987 250 4052 et
272 3978 403 4076 Dijove
427 3995 464 4058 et
488 3983 629 4084 Veiove
651 4013 718 4086 pro
743 3982 867 4083 Dijovi
882 3992 920 4057 et
937 3979 1078 4080 Veiovi.
1111 3982 1173 4058 Li-

27 4157 30 4208 p
64 4113 144 4188 vius
171 4119 209 4185 et
232 4109 414 4188 Pedianus
440 4113 526 4188 Sibe
551 4127 588 4191 et
614 4114 740 4216 Quase
764 4115 975 4195 scribebant
1013 4113 1057 4190 In
1074 4114 1171 4190 llere

28 4275 32 4300 a
65 4270 183 4342 neque
208 4269 230 4316 c
254 4242 368 4342 plane,
393 4271 512 4346 neque
536 4247 555 4318 i
577 4247 728 4322 auditur.
782 4247 862 4326 Nos
889 4273 984 4322 nunc
1007 4272 1029 4319 e
1052 4244 1173 4332 littera

66 4374 314 4471 terminamus3
341 4387 379 4454 at
403 4387 566 4454 veterum
592 4378 828 4465 Comicorutn
844 4381 960 4459 adlruc
991 4375 1093 4454 libris
1118 4377 1172 4450 iu-

23 3803 26 3862 l
