2860 4870
1130 291 1178 366 97

64 501 139 554 tura
161 485 309 553 ostendit.
355 482 470 565 ltaque
492 479 561 544 iiiia
584 483 772 547 enuntiatur
794 484 880 548 artio
903 486 1011 549 futura
1034 485 1172 571 quidem,

65 614 122 675 sed
143 611 234 674 nullo
258 620 402 694 tempore
424 605 629 691 praestituto,
652 624 690 667 ao
712 592 799 686 talis,
823 609 956 686 quaesi
978 609 1045 672 fors
1066 610 1115 674 ita
1129 612 1173 675 to

61 746 135 815 rat,
166 731 256 796 omni
284 741 428 814 tempore
456 727 602 791 arridere
632 737 737 806 queat.
788 727 908 792 Eadem
937 731 1024 793 euim
1045 752 1172 818 semper

62 857 218 920 arborum
240 849 366 914 indoles
389 860 447 928 est,
464 849 616 931 'quodque
639 846 717 912 olim
739 849 778 913 da
801 850 843 912 iis
867 850 1035 913 dicendum
1049 853 1122 932 erit,
1138 853 1172 918 id

63 997 153 1040 nuno
175 995 295 1057 quoque
318 974 382 1036 dici
403 984 519 1058 potest.
567 974 675 1048 Quum
698 973 797 1055 igitur
820 970 1024 1035 indefinitum
1045 975 1091 1036 sit
1112 971 1174 1037 hoo

66 1100 206 1161 futurum
227 1108 362 1183 tempus,
385 1106 418 1158 et
439 1097 547 1159 futuro
576 1105 610 1158 et
630 1095 796 1180 praesenti
817 1106 961 1181 tempore
983 1095 1080 1160 istam
1100 1117 1173 1160 sen·

62 1222 198 1283 tentiam
221 1221 256 1282 in
278 1217 381 1282 latino
409 1238 557 1282 sermone
580 1218 712 1280 reddere
735 1238 912 1304 possumus,
936 1219 1084 1284 dicenda:
1113 1240 1169 1282 or·

61 1338 163 1406 bores
184 1337 273 1403 nihil
294 1361 346 1404 me
367 1338 489 1404 docent
511 1339 562 1403 vel
584 1336 727 1403 arbores
748 1335 836 1402 nihil
852 1359 903 1403 me
920 1337 1093 1406 docebunt.
1115 1343 1169 1406 Ab

60 1463 117 1529 his
149 1466 214 1526 iere
244 1464 348 1526 initiis
376 1464 521 1548 proiecta
549 1473 598 1526 est
625 1463 724 1526 futuri
752 1461 967 1549 periphrasis,
994 1483 1057 1544 qua
1083 1483 1171 1526 nuno

61 1589 269 1650 continenter
291 1585 408 1648 Graeci
430 1596 571 1648 utuntur.
618 1619 662 1630 -
706 1575 750 1644 voi
774 1574 896 1666 γλῦσῃς
923 1584 985 1648 vid.
1008 1584 1051 1650 ud
1072 1603 1170 1650 versa.

62 1708 129 1774 113
151 1720 184 1773 et
206 1707 259 1774 91.
281 1735 327 1754 —⁴

194 1811 238 1893 V.
264 1828 337 1895 166.
384 1817 585 1900 draooirooaa
599 1828 776 1914 vulgariter
790 1851 849 1916 pro
865 1819 1083 1902 ἐξανάτωσας.
1104 1829 1171 1894 Ηιι.

53 1959 114 2040 jus
136 1955 258 2018 formae
276 1955 346 2035 jam
368 1953 563 2014 mentionem
585 1953 664 2015 iaoit
685 1952 881 2038 Apollonius
903 1942 971 2033 περὶ
992 1939 1170 2032 συντάξεως

60 2077 91 2158 I,
104 2075 168 2141 ‘36
194 2108 236 2120 -
257 2061 299 2153 μὶ
320 2061 464 2153 πονηριοὶ’
487 2093 546 2158 pro
568 2061 610 2154 μέ
631 2065 781 2154 πονηρίαν
802 2075 823 2137 1.
848 2095 874 2138 a.
896 2066 978 2156 pratri
998 2069 1153 2157 πονηρίας.

195 2195 237 2260 V.
265 2194 337 2261 167.
381 2188 408 2267 ’ς
436 2183 490 2255 edo
515 2181 623 2278 νῶμόν
643 2216 713 2256 σου.
757 2187 840 2260 1716
857 2198 898 2262 ad
920 2218 1002 2262 vers.
1026 2197 1100 2262 150.
1123 2222 1167 2246 -ι

59 2315 196 2402 ἕμπῆκες
224 2316 254 2382 2.
277 2339 362 2407 pars·
385 2317 471 2402 sing.
495 2339 562 2384 aar.
586 2317 657 2383 Ind.
687 2321 773 2383 verb.
804 2313 961 2401 ἐμβαίνω,
991 2321 1086 2406 vulgo
1114 2316 1166 2401 ἐμ.

58 2435 161 2504 waiva>
182 2444 250 2507 sive
272 2433 409 2521 μπαῖνω.
456 2441 506 2502 Cf.
529 2441 571 2502 ad
592 2459 674 2501 vers,
696 2441 718 2502 9
741 2451 775 2502 et
798 2440 849 2504 10.

191 2561 236 2621 V.
261 2558 333 2622 168.
362 2559 544 2648 xDifferunt
574 2551 683 2615 ἀπέκει
709 2570 742 2618 et
769 2551 885 2619 ἀπεπεΐ.
941 2559 1038 2619 Prius
1060 2571 1167 2622 sonata

61 2696 145 2758 tum,
165 2698 284 2768 porro,
307 2674 439 2750 dehinc,
462 2673 593 2751 deinde,
607 2677 781 2762 posterius:
804 2673 893 2754 iude,
907 2673 1017 2751 istinc,
1033 2673 1168 2742 exinde.

63 2807 134 2870 Pro
169 2793 276 2864 deam
315 2803 352 2864 in
389 2799 571 2863 Erotoarito
609 2797 728 2883 legitur
764 2790 883 2863 ἀπόκει.
939 2799 988 2863 01.
1024 2799 1168 2864 Carmin·

58 2925 167 3014 popul.
192 2935 267 2988 tom.
291 2923 326 2987 II
346 2921 468 3010 pato
491 2923 538 2986 ed.
557 2922 694 2988 Faurial.
724 2956 767 2972 --
797 2915 929 3006 ἀφῆκες,
954 2924 1049 2988 metri
1072 2941 1168 3006 rausa

57 3070 121 3136 pro
143 3033 271 3126 ἅφηκες,
295 3047 333 3110 de
357 3067 418 3127 quo
442 3045 511 3108 dixi
534 3045 679 3108 advers.
703 3041 777 3108 136.

192 3168 236 3231 V.
264 3167 335 3232 169.
380 3153 482 3242 iioovo
502 3166 553 3230 vel
574 3151 654 3242 ἧσον
675 3164 706 3230 2.
723 3187 807 3254 pers.
824 3146 908 3250 sing.
931 3167 1056 3253 imperi.
1079 3165 1165 3232 verbi

59 3279 160 3371 εἷμαι,
184 3309 274 3370 arua,
295 3275 340 3366 ἧς.
381 3322 421 3336 -
457 3280 585 3359 κάλλιος
612 3289 754 3377 explicui
776 3291 817 3354 ad
840 3311 919 3355 vers.
943 3287 996 3355 72.
1041 3287 1165 3355 Sensus

58 3414 157 3497 hujus
180 3423 212 3476 et
232 3413 454 3494 subsequentis
476 3432 586 3476 versus
608 3424 672 3477 est:
695 3401 856 3478 noneras
879 3435 1020 3496 unquam
1035 3435 1086 3478 me
1101 3416 1164 3476 ior·
1270 3443 1273 3450 v

59 3538 126 3600 tior
148 3536 314 3621 aptiorque
342 3535 384 3598 ad
405 3535 524 3598 bellum
553 3548 706 3599 terrestre
733 3537 971 3620 suscipiendum
999 3545 1033 3595 et
1058 3534 1165 3595 luotae

59 3659 205 3723 laborem
225 3657 451 3720 sustinendum
472 3667 506 3719 et
528 3657 569 3719 ad
591 3657 760 3722 victoriam
782 3676 825 3718 ex
846 3652 938 3717 hoste
956 3653 1163 3715 referendam.

193 3776 237 3840 V.
261 3777 333 3844 170.
378 3767 540 3859 παλαίψῃς
575 3774 607 3840 2.
636 3798 718 3865 pers.
751 3777 836 3860 sing.
869 3775 953 3858 eonj.
981 3792 1049 3837 aar.
1077 3776 1165 3838 verbi

58 3888 227 3977 παλαίβω,
255 3917 316 3979 quo
340 3919 449 3964 sermo
475 3899 619 3983 vulgaris
652 3919 711 3985 pro
744 3898 876 3980 antiquo
901 3885 1026 3955 παλαίω
1054 3898 1162 3964 utitur.

61 4024 114 4088 ct.
139 4020 278 4087 Coraem
300 4017 342 4082 ad
363 4019 596 4107 Ptoohoprodr.
618 4021 672 4085 lib.
695 4019 713 4083 I
734 4037 814 4083 vers.
839 4016 882 4083 85
904 4039 935 4106 p.
958 4016 1012 4085 68.
1034 4049 1079 4068 -ι
1100 4012 1164 4081 σὰν

60 4145 113 4210 vel
136 4131 226 4204 dedo
246 4144 429 4224 frequenter
449 4161 536 4205 nuno
558 4160 630 4206 oum
646 4141 827 4206 accusativo
844 4143 1046 4207 construitur.
1075 4143 1164 4228 Idem

63 4283 157 4332 easns
177 4267 265 4334 inira
285 4261 367 4332 vers'.
390 4261 457 4332 284
479 4263 657 4352 particulae
678 4251 781 4347 ὥσπερ
802 4238 998 4352 adjungitur.
1017 4273 1019 4276 ’
1135 4313 1137 4318 .

866 4387 887 4454 7
