2870 4874
118 333 378 474 ἰιιλ

218 564 292 650 κρὸς
319 560 412 628 οὐδέν
439 563 506 629 roeo
532 563 589 628 tob
616 561 748 646 λουτροῦ
773 553 809 624 rb
837 552 1003 640 cordoba.
1042 561 1098 626 lib.
1127 559 1170 626 11
1194 581 1222 624 v.
1247 560 1325 628 454.

219 678 322 770 πάτερ,
342 680 446 764 meio
466 681 561 750 οὐδέν
582 684 659 768 ἔχω,
679 679 807 767 carpo
828 673 1011 768 adpopcico,
1033 686 1087 749 ubi
1109 682 1231 748 Coraes
1253 705 1328 771 per.

219 809 384 898 apicuitati
405 811 562 876 studendo
591 811 733 876 scribere
754 809 887 872 debebat
913 798 940 866 ν’
965 797 1090 886 dodae,
1111 798 1137 866 ν’
1161 797 1326 888 ἀγοράσω.

220 933 301 998 ibid.
322 955 351 1000 v.
374 930 450 998 457.
472 926 512 1004 οἷς
532 917 627 1014 at’iyto,
649 924 689 1002 οἷς
710 919 767 990 r'iim
788 921 819 988 π’
837 927 962 1006 διδουιι,
989 917 1047 989 καὶ
1073 919 1156 1010 roipert
1183 919 1244 1010 γιά
1263 951 1328 990 που

221 1045 348 1132 cadom,
369 1057 406 1120 in
428 1075 490 1136 quo
511 1074 605 1118 versu
625 1054 717 1140 prius
738 1047 980 1116 hemistichium
1002 1051 1107 1134 magis
1122 1053 1327 1138 perspicuum

221 1177 285 1238 erit
306 1178 355 1240 ric
376 1179 531 1262 scriptum
557 1160 597 1244 oie
619 1159 783 1281 iproic
804 1159 860 1233 ido
882 1164 913 1232 τί
932 1171 1050 1233 octove.
1099 1172 1212 1256 Neque
1242 1175 1327 1238 Zoni

220 1294 435 1382 Paraphrasir
447 1293 836 1378 Batrachomyomachiae
853 1291 1036 1378 hujusmodi
1054 1293 1210 1381 exemplis
1228 1309 1326 1377 caret,

222 1427 258 1479 ut
269 1438 298 1481 ν.
313 1417 365 1482 16.
382 1407 439 1482 xci
456 1407 491 1478 rei
507 1407 642 1500 ιιηγοῦιιι
658 1406 693 1510 aci
706 1411 806 1498 ’βρεξε
817 1407 858 1498 pb
875 1402 975 1498 ὄρεξιν
989 1406 1134 1498 μεγᾶλῆ,
1149 1437 1232 1482 vers.
1252 1417 1325 1482 114.

221 1525 264 1597 civ
276 1532 383 1620 βὲλῃς,
398 1529 442 1600 νά
450 1533 541 1621 ’λὲιῃς
553 1542 575 1604 i.
587 1561 615 1603 θ.
635 1523 679 1600 voi
690 1527 795 1625 QG,
805 1559 887 1603 vers·
902 1531 1087 1618 92.νοί’βρω
1102 1540 1123 1602 ἰ.
1136 1559 1164 1601 θ.
1182 1528 1224 1598 vri
1235 1528 1325 1621 εὕρω,

222 1663 346 1744 quibem,
369 1664 399 1726 si
422 1683 502 1749 opus
524 1674 618 1744 essct,
641 1663 763 1726 similia
784 1662 900 1725 addere
923 1679 1059 1747 possem.
1104 1659 1156 1725 Ex
1177 1659 1240 1726 hac
1259 1683 1327 1727 ver·
1419 1729 1420 1732 ,

223 1784 336 1846 borum
357 1783 580 1866 inclinatione,
602 1795 638 1848 ut
659 1805 701 1848 ex
722 1782 833 1847 multis
856 1781 931 1846 aliis
953 1783 1047 1845 rebus
1069 1785 1221 1868 emergit,
1244 1797 1327 1850 vete-
1419 1769 1420 1788 ³

222 1906 268 1968 ris
290 1905 422 1990 lingrrae
444 1906 629 1990 analogiam
656 1908 756 1970 arctis
785 1904 864 1969 olim
890 1903 1009 1968 finibus
1039 1906 1325 1993 circumscriptam,

224 2037 335 2111 utpote
362 2048 443 2111 quae
470 2027 526 2092 bic
553 2049 620 2093 non
648 2031 714 2093 nisi
742 2029 779 2092 in
801 2029 906 2094 verbis
928 2017 1044 2107 cipiet
1066 2019 1144 2107 φημὶ
1167 2029 1325 2110 consistit,

224 2147 261 2210 in
282 2150 463 2212 recentiore
485 2148 547 2213 hac
570 2151 731 2214 interdum
753 2149 913 2212 latissime
934 2162 1055 2236 patere.

352 2259 397 2326 vai
417 2269 530 2333 vocula
557 2271 747 2356 multiplicis
773 2269 985 2352 significatus.
1037 2272 1117 2336 Orta
1138 2278 1186 2334 est
1206 2288 1246 2332 cx
1265 2255 1320 2326 ἵνα

223 2398 376 2472 veterum,
400 2399 495 2471 atquc
518 2389 613 2476 huJ‘us
636 2402 828 2480 potestatem
850 2390 947 2456 habet
968 2392 1031 2458 hoc
1053 2413 1145 2459 versu
1167 2394 1202 2457 in
1222 2391 1326 2455 verbis

223 2501 266 2572 ²²¹2
288 2509 353 2592 μῦῧ
373 2499 542 2594 πωλῆσιις,
563 2523 601 2580 ut
622 2516 705 2581 mihi
726 2517 855 2581 vendas.
894 2515 998 2580 Porro
1016 2516 1265 2582 demonstrativa
1278 2515 1328 2578 vis

223 2635 256 2699 ei
277 2637 439 2717 tribuitur,
461 2647 507 2718 ut,
531 2657 629 2720 quum
651 2641 762 2706 dicunt
783 2628 827 2700 νά
847 2657 881 2700 ro
902 2659 944 2704 cn
966 2636 1029 2702 tibi
1050 2637 1124 2704 lroc.
1169 2637 1246 2702 Vid.
1268 2635 1329 2700 Go-

224 2777 314 2822 raem
341 2759 383 2822 ad
410 2755 643 2846 Ptocboprodr.
677 2783 753 2846 pag.
783 2759 873 2834 103,
909 2759 962 2834 qui
994 2757 1056 2816 bac
1088 2759 1331 2836 significatione

222 2881 319 2942 iatam
339 2877 533 2964 pertitulam
555 2884 595 2946 ab
617 2883 749 2960 antiquo
771 2867 832 2949 ἧνὶ,
854 2874 938 2936 undo
960 2882 994 2934 et
1007 2871 1199 2936 Latinorum
1213 2892 1255 2936 en
1270 2876 1332 2936 flu-

223 3000 324 3077 xerit,
352 2998 506 3064 deducere
535 3013 677 3066 conatur.
727 2996 891 3079 Frequens
912 3005 1079 3084 practerea
1102 2999 1170 3080 eJ‘ur
1192 3016 1269 3060 usur
1291 2997 1331 3060 in

222 3119 532 3204 interrogationibus
554 3135 613 3203 est,
636 3123 683 3185 ita
705 3133 827 3202 tamen,
855 3131 980 3184 utnon
1002 3131 1069 3185 tam
1090 3121 1163 3208 ipsa
1190 3121 1330 3183 interro-

222 3241 351 3322 gativae
372 3243 550 3324 particulae
572 3245 641 3306 vioe
661 3244 825 3326 iungatur,
848 3263 944 3322 quam
962 3263 1154 3329 praegressa
1170 3241 1331 3328 particula

222 3358 457 3438 interrogativa
478 3363 660 3424 sententiae
682 3361 804 3444 aliquid
826 3365 1048 3445 ambiguitatis
1070 3363 1169 3423 addat
1184 3383 1213 3424 v.
1230 3383 1258 3422 c.
1274 3353 1333 3422 dic

222 3467 350 3560 ἧξεύρω,
371 3466 471 3549 circo
491 3465 535 3536 voi
554 3469 643 3556 λάβω
665 3473 722 3556 τὴν
742 3475 853 3562 βίβλον
873 3472 989 3556 ταύτην
1009 3477 1133 3556 nescio,
1144 3477 1332 3546 audeliana

223 3601 345 3668 librum
352 3597 642 3688 nancisciquwm.
655 3602 714 3669 Sic
728 3607 845 3670 dicitur
855 3603 918 3676 πῶς
927 3595 970 3664 voi
981 3590 1056 3684 ἔχῃς
1065 3623 1145 3668 vers.
1163 3603 1215 3668 56.
1228 3604 1329 3670 Para-

220 3711 551 3814 phr.Bat.etdiaeixe
560 3718 591 3786 τί
599 3716 825 3811 νὰποὲσῃιοιι.
838 3727 909 3792 129.
924 3725 1276 3793 crnustaduruom.
1286 3729 1329 3792 ll.

97 3857 103 3866 ”
221 3871 252 3937 p.
260 3848 444 3932 203.,aqu0
452 3851 731 3936 tamenpaululum
742 3852 907 3930 dissentio.
924 3851 1038 3935 Longe
1050 3851 1116 3914 alia
1128 3849 1224 3934 hujus
1236 3871 1328 3914 vocu-

221 3969 273 4034 lae
284 3971 333 4032 vis
345 3981 404 4048 est,
423 3992 485 4050 qua
497 3994 555 4058 pro
570 3959 612 4033 civ
624 3974 778 4051 δυνηιικῷ
787 3985 928 4038 veterum
943 3973 1020 4038 clim
1035 3976 1225 4061 ponebatur,
1249 3993 1329 4052 quae

222 4093 349 4176 quidem
370 4111 422 4154 res
445 4096 569 4159 videtur
590 4097 771 4162 Hermanni
794 4101 1015 4182 conjecturam
1038 4100 1075 4160 in
1097 4100 1172 4160 diss.
1188 4095 1227 4157 de
1243 4105 1327 4179 part

222 4200 265 4274 dv
285 4215 340 4277 lib.
356 4213 383 4276 Ι.
407 4215 521 4301 capi.
546 4218 662 4305 Opusc.
680 4221 740 4286 IV.
763 4241 837 4308 pag.
862 4217 892 4284 lt.
914 4221 1124 4307 propositam,
1148 4204 1190 4277 oio
1204 4238 1245 4280 ex
1262 4209 1327 4275 ἀνα

223 4347 329 4402 ortum
351 4357 437 4412 csse,
460 4338 542 4402 satis
564 4341 764 4408 confirmare.
817 4345 893 4407 Non
922 4344 1009 4408 enirn
1038 4364 1080 4405 ex
1102 4327 1146 4401 ἄν
1167 4340 1239 4404 fieri
1261 4349 1328 4424 pot-
