2870 4874
1156 384 1203 456 dd

85 608 116 648 v.
136 607 164 649 o.
187 577 346 665 λουρίκιον
367 597 427 666 pro
442 569 597 658 λωρῖκιον,
620 595 679 657 quo
701 578 772 664 ipse
794 577 950 644 voeabula
973 589 1087 646 noster
1100 581 1203 666 inpa-

86 707 245 795 raphrasi
268 705 352 789 epici
375 699 527 766 carminis
550 699 660 762 utitur.
706 696 747 762 Si
769 701 840 781 quis
863 700 929 765 alia
952 701 1099 790 exempla
1120 702 1202 766 desi-

88 831 194 906 derat
210 825 299 910 legat
315 843 394 906 quae
408 821 529 886 Coraes
541 819 603 886 bae
618 821 656 884 de
668 840 704 884 re
722 822 871 907 exposuit
894 824 930 886 in
948 823 1055 886 Bastii
1070 824 1203 888 adnota-

90 950 185 1014 tione
213 948 253 1012 ad
276 944 445 1010 Sahaelerl
468 944 653 1008 editionem⁴
666 943 819 1028 Gregorii
843 942 1009 1011 Corinthii
1031 963 1104 1031 pag.
1128 943 1203 1010 353.

226 1068 268 1131 V.
292 1066 322 1132 2.
348 1057 405 1127 ἕνα
428 1039 572 1150 vulgaris
595 1068 698 1130 forma
725 1078 774 1130 est
802 1085 862 1152 pro
893 1055 935 1126 ἔν.
988 1067 1117 1154 Quippe
1139 1065 1205 1130 vul·

272 1179 289 1214 ‘f
363 1185 373 1210 Ι
427 1175 440 1207 ii
690 1178 706 1204 ΓΙ
753 1212 760 1226 1
823 1181 832 1208 Ι
887 1178 907 1210 2
980 1190 988 1206 ι

90 1212 153 1277 gua
176 1211 234 1278 pro
257 1213 310 1268 εις,
333 1213 403 1270 pera,
427 1209 461 1248 εν
484 1189 663 1272 frequentat
687 1210 770 1262 saroa,
792 1211 863 1267 μια,
887 1211 954 1266 ενα,
978 1187 1086 1254 mhoe
1096 1200 1205 1254 tamen

91 1336 114 1379 a
136 1326 278 1379 veterum
299 1333 360 1378 usu
383 1312 563 1405 recedens,
577 1312 659 1392 quod
683 1310 767 1374 bane
789 1310 986 1376 locutionem
1007 1330 1076 1374 non
1100 1311 1205 1374 solum

91 1455 214 1500 nomen
245 1433 427 1513 numerale,
456 1433 632 1497 sedetiam
659 1435 857 1498 novitiarum
886 1433 1072 1517 linguarum
1099 1433 1204 1496 imita-

93 1561 185 1622 tione
206 1555 379 1622 articulum
402 1554 605 1619 indefinitum
629 1577 648 1620 a
673 1554 962 1643 Ptoehoprodromi
979 1556 1045 1617 iera
1063 1566 1206 1640 tempora

94 1703 165 1746 esse
187 1680 297 1745 uoluit.
342 1677 401 1742 Est
423 1678 524 1761 igitur
548 1665 605 1737 tva
627 1670 751 1755 βιβλίον
773 1696 840 1740 non
863 1687 990 1740 tentum
1009 1695 1094 1740 unus
1108 1671 1206 1755 liber,

95 1804 154 1868 sed
181 1805 280 1878 etiam
308 1797 394 1864 liber
416 1797 555 1884 quddam
578 1791 702 1879 βιβλίον
723 1821 750 1858 rr
773 1810 871 1882 atque
894 1800 1027 1863 omnino
1047 1794 1146 1873 liber,
1169 1809 1207 1862 ut

97 1927 134 1988 in
155 1926 334 1988 reeeutium
355 1921 546 2006 populorum
567 1922 689 2004 linguis
711 1942 756 1982 ren
772 1918 869 1995 liure,
885 1919 940 1985 ein
955 1917 1064 1985 Buclr.
1094 1921 1208 1985 Prima

54 2093 57 2103 .
99 2044 196 2129 hujus
229 2064 306 2108 tusus
344 2043 480 2126 uestigia
518 2042 603 2128 apud
637 2041 841 2106 Theodorum
874 2041 1208 2129 Ptoohoprodromn

99 2178 175 2232 sunt
197 2169 279 2244 βιβλ.
302 2165 334 2241 οῖ,
358 2183 429 2236 §tx-
457 2159 529 2226 125.
554 2163 652 2224 σελιδ.
676 2164 705 2228 5.
730 2165 778 2228 ed.
803 2163 877 2230 Cor.
925 2162 1059 2230 Similes
1073 2185 1115 2228 ex
1130 2165 1207 2229 aliis

98 2290 308 2376 scriptoribus
336 2287 423 2350 loeus
452 2285 604 2370 allegavit
631 2286 820 2371 Ducangius
850 2288 946 2372 gloss.
975 2288 1055 2354 med
1086 2299 1118 2351 et
1145 2289 1204 2352 ini

99 2433 146 2495 gr.
171 2412 210 2475 T.
233 2411 258 2475 l.
282 2429 355 2495 pag.
380 2406 454 2472 384.
478 2429 562 2490 seqq.

234 2551 370 2608 ευμσρφο
397 2546 456 2612 pro
484 2495 658 2605 edpwpoou,
686 2539 722 2591 ut
750 2549 792 2590 ex
821 2530 879 2606 iis,
909 2547 992 2606 quae
1018 2529 1060 2592 ad
1082 2547 1209 2593 versum

103 2651 348 2740 praecedentem
369 2646 562 2724 notavimus,
586 2645 735 2708 efficitur.

236 2765 266 2830 κ’
300 2763 363 2838 ι’ὃές
390 2785 424 2827 ro
454 2769 476 2831 ἰ.
498 2789 527 2830 e.
554 2759 609 2827 real
632 2759 680 2827 ι’δέ
702 2757 789 2828 αὐτό.
840 2765 1014 2850 Reliquiae
1042 2769 1210 2833 verbonlm

102 2898 138 2960 in
160 2919 196 2974 μι
225 2893 438 2957 desinentium
466 2909 588 2976 paucae
617 2891 785 2954 admodum
814 2892 850 2954 in
879 2891 1058 2964 recentiore
1085 2893 1210 2975 graeei.

103 3029 169 3083 tate
191 3027 374 3094 servantum
398 3034 459 3094 quo
482 3014 587 3096 magis
610 3014 790 3077 mirandum
805 3024 864 3093 est,
887 3015 933 3078 ibi
948 3015 1137 3098 quandoque
1151 3012 1209 3078 bu.

99 3147 155 3226 jus
177 3142 345 3204 verborum
369 3133 549 3198 deelinatus
571 3155 741 3219 superesse
763 3135 910 3219 vestigia,
933 3138 987 3200 ubi
1008 3137 1072 3223 ipsi
1086 3151 1209 3202 veteres

105 3266 145 3327 ab
175 3283 213 3324 eo
235 3277 367 3346 prorsus
395 3278 431 3320 se
457 3256 652 3322 abstinuisse
679 3257 835 3321 videntur.
888 3257 992 3322 Nemo
1017 3269 1102 3322 eerte
1124 3260 1209 3324 anti·

106 3403 248 3467 quorum,
272 3380 354 3464 quod
376 3399 436 3444 nos
459 3378 585 3462 quidem
607 3381 756 3461 sciamus,
780 3371 842 3451 tale
856 3401 915 3467 pro
933 3372 980 3444 ἰδὲ
1002 3383 1095 3463 dixit,
1112 3403 1208 3447 nemo

106 3499 184 3576 εἰπὲς
206 3526 265 3593 pro
288 3494 362 3579 εἰπὲ,
384 3502 468 3583 quod
489 3521 584 3567 versu
606 3505 702 3568 tertio
725 3504 856 3588 legitur.
907 3503 1101 3584 Caeteroqui
1127 3504 1209 3568 illud

106 3653 148 3706 ro,
170 3629 254 3710 quod
276 3625 465 3711 imperativo
487 3622 543 3687 hie
564 3627 769 3708 subjungitur
797 3645 855 3711 per
882 3622 1077 3710 aphaeresin
1105 3634 1210 3687 ortum

107 3762 154 3814 est
176 3772 217 3814 ex
239 3738 325 3809 αὐτό.
371 3751 476 3825 Quum
499 3745 579 3810 haee
602 3746 798 3833 aphaeresis,
822 3767 902 3828 quaa
925 3763 991 3808 non
1013 3747 1079 3808 nisi
1100 3746 1136 3808 in
1158 3765 1210 3810 aa·

107 3873 194 3938 sibus
218 3870 355 3950 obliquis
377 3872 460 3952 sing.
484 3880 516 3932 at
537 3869 619 3956 plur.
644 3871 764 3932 usitata
786 3879 852 3947 est,
875 3867 1066 3949 admittitur,
1088 3868 1210 3954 reliqua

109 3991 233 4074 syllaba
257 3989 467 4053 inclinatione
491 4011 679 4075 praegresso
702 3991 856 4054 vocabulo
880 3989 1071 4056 adnectitur.

240 4097 283 4170 ‹ir›
307 4100 413 4188 ὁρίσῃς
429 4108 458 4172 si
474 4108 583 4196 juber,
606 4109 636 4172 si
658 4109 807 4194 imperas
831 4114 851 4174 i.
869 4135 895 4175 e.
919 4111 1073 4180 hocloco
1096 4112 1126 4178 si
1148 4111 1209 4180 vis·

111 4237 158 4300 Οἱ.
182 4232 341 4320 Paraphr.
366 4253 445 4297 vers.
472 4229 546 4296 435.
580 4232 770 4317 Hujusmodi
793 4235 908 4313 lecum,
932 4239 986 4319 qui
1008 4239 1212 4318 antiquorum

111 4360 181 4424 usui
209 4370 384 4444 repugnat,
415 4339 485 4440 jmu
519 4379 560 4421 ax
594 4356 718 4422 Codino
748 4361 786 4424 de
821 4360 915 4425 otfie.
945 4361 1050 4424 Palat.
1083 4377 1152 4440 oap.
1181 4355 1211 4416 7.
