2870 4874
1142 209 1188 280 id

75 425 108 490 p.
132 401 206 468 922.
226 493 229 500 Ι
250 403 321 468 Hoe
343 421 462 468 nomen
485 401 572 466 casei
594 401 740 466 laconici
748 414 941 489 aeceperunt
956 403 996 468 ab
1013 405 1091 467 urle
1105 424 1186 486 quae

75 528 115 592 in
138 528 257 613 uicinia
280 526 398 592 veteris
420 523 561 610 Spartae
584 525 647 594 sita
669 535 719 592 est
740 546 778 592 ee
793 544 880 592 nune
898 525 994 610 vulgo
1012 519 1029 586 ὁ
1046 524 1188 607 Μιστρᾶς

75 662 296 735 nuncupatur.
359 637 368 645 ⁸

212 768 257 831 V.
282 765 335 831 69.
382 755 597 848 pleadopmre
613 766 668 831 hie
684 777 762 831 sunt
780 763 928 830 bellaria
945 769 995 832 vei
1011 767 1186 854 cupediae,

41 963 49 979 x
77 912 163 972 quae
186 911 207 954 a
230 891 387 960 veteribus
408 890 593 977 plerumque
608 880 806 970 τραῳίμιατα,
829 877 990 968 τρωγάλια
1004 891 1054 953 vel
1072 887 1188 974 ἕπιδορ.

78 1004 229 1092 πείσματα
256 1010 508 1097 appellabantur.
565 1012 606 1074 In
634 1013 769 1092 antiqua
795 1011 910 1095 lingua
933 999 1109 1092 pidevopa
1129 1033 1189 1098 pro

79 1131 261 1198 dulcedine
282 1155 408 1219 semper
430 1145 610 1221 usurpatur·
635 1168 677 1180 -
700 1125 745 1200 ὁπ’
770 1121 835 1196 ὅλοι
856 1135 879 1204 i.
901 1156 928 1197 e.
952 1127 1032 1202 ὀποῦ
1055 1122 1131 1200 ὅλοι.
1147 1169 1188 1188 .-

78 1253 246 1338 dyacona
268 1257 292 1320 i.
314 1277 343 1322 e.
366 1248 526 1336 ἀγαπῶσι.
549 1289 592 1308 ε-

216 1377 260 1441 V.
284 1376 335 1442 71.
382 1372 512 1457 (peperci
543 1377 593 1440 vel
627 1365 733 1458 φαγιὰ
765 1379 850 1463 apud
883 1381 1077 1444 recentiores
1112 1392 1189 1448 sunt

78 1495 211 1564 edulia.
236 1533 279 1544 —
301 1486 442 1578 βράζουυ
462 1500 484 1561 i.
508 1520 534 1564 e.
558 1461 889 1581 [rpdgocci‘coqunnt
913 1502 966 1580 qui
988 1501 1190 1583 significatus

79 1624 118 1688 in
142 1622 291 1686 citeriore
315 1632 441 1688 tantum
463 1622 640 1705 graecitate
663 1622 842 1700 invenitur,
865 1621 1023 1702 siquidem
1051 1621 1086 1685 in
1107 1622 1192 1688 anti.

81 1765 146 1826 quo
169 1764 317 1807 sermone
339 1731 467 1824 βράζειυ
478 1738 626 1829 fervere
647 1755 680 1806 et
700 1741 841 1807 ebullire
860 1756 1015 1829 perpetuo
1031 1753 1132 1808 notat.
1149 1773 1192 1792 ·-

82 1856 119 1932 ei)
141 1853 289 1938 τζουκάλι
311 1863 363 1928 vel
383 1856 536 1932 τσουκάλι
558 1863 649 1941 olla,
670 1887 735 1932 vox
756 1868 898 1934 incertae
927 1865 1076 1948 originis.
1128 1864 1191 1926 Ob·

84 1988 279 2054 servandum
302 1997 361 2064 est,
384 1989 418 2058 τζ
440 1986 491 2050 vei
512 2002 551 2045 ro
577 1989 613 2048 in
636 1988 829 2064 dictionibus
854 1987 905 2050 vel
932 1987 1113 2073 peregrinis
1141 1985 1192 2052 vel

87 2109 250 2194 corruptis
279 2109 423 2193 reperiri
477 2109 613 2184 Quando
643 2108 759 2175 Graeci
788 2129 854 2180 non
881 2111 921 2172 ab
948 2109 1023 2178 aliis
1054 2109 1191 2178 mutuati

83 2241 163 2294 sunt
184 2251 295 2307 voees,
316 2231 353 2291 in
376 2231 488 2312 quihus
505 2234 639 2312 junctae
661 2242 791 2301 exstant
818 2229 881 2293 hae
909 2231 990 2296 duae
1018 2251 1190 2311 aemonae,

84 2352 174 2422 velut
195 2341 408 2433 rduplercieoe
429 2364 462 2422 et
485 2345 674 2434 τζερεμουία,
697 2375 776 2436 quas
792 2352 885 2418 Italis
902 2354 1028 2435 debent,
1043 2354 1099 2417 sed
1117 2374 1192 2434 qne.-

85 2478 272 2554 tieseunque
301 2495 377 2538 suus
410 2475 554 2556 ipsorum
581 2495 675 2536 voees
707 2475 756 2540 sie
784 2453 1009 2562 deturparunt,
1050 2473 1131 2538 illud
1159 2475 1193 2550 τς

85 2595 140 2660 vel
167 2615 185 2655 e
212 2592 353 2676 simplici
381 2613 418 2665 κ,
439 2591 491 2652 vel
512 2611 530 2652 e
552 2610 613 2665 σκ,
634 2591 686 2652 vel
707 2612 725 2650 e
748 2607 780 2665 r,
802 2591 854 2652 vel
875 2612 894 2656 e
915 2592 951 2668 ξ,
979 2591 1031 2654 vel
1058 2591 1193 2672 denique

88 2731 322 2793 nonnunquam
344 2732 362 2773 e
384 2728 407 2774 σ
429 2705 541 2775 natum
564 2732 633 2774 esse
662 2721 814 2778 accurata
841 2708 972 2794 linguae
1000 2712 1194 2798 pervestiga-

91 2837 136 2900 tio
159 2844 326 2897 monstrat.
372 2830 431 2896 Sie
453 2827 565 2907 τζίχλα
587 2835 698 2897 dicunt
718 2853 777 2920 pro
799 2826 900 2906 κίχλα
916 2835 937 2897 i.
957 2856 985 2899 e.
1006 2825 1102 2910 κίχλη
1124 2842 1194 2897 ίαν,

89 2955 162 3032 (ille,
183 2947 312 3036 τζυρῖζω
334 2977 392 3042 pro
415 2948 543 3034 συρίζω,
565 2948 738 3036 τζιτζυρίζω
759 2977 819 3042 pre
841 2949 996 3038 τιτυρῖζω,
1025 2943 1195 3046 γζῶφλᾳιον

89 3101 148 3167 pro
178 3068 361 3156 ἒξῶφλοιον,
388 3068 509 3150 mergier
530 3099 590 3164 pre
612 3070 741 3144 reunion
762 3079 784 3140 i.
808 3099 836 3140 e.
859 3071 975 3149 neenec
992 3077 1112 3163 pellic,
1140 3099 1193 3146 co,

90 3199 187 3264 rium.
232 3199 344 3278 Neque
372 3210 482 3262 tamen
510 3201 710 3283 negaverim,
740 3200 777 3264 in
798 3201 909 3286 paneis
932 3201 1118 3282 quibusdam
1140 3223 1193 3267 vo,

50 3311 56 3328 ’
92 3321 214 3392 caldis
236 3319 399 3385 alternare
422 3327 440 3395 ζ
462 3332 495 3386 et
515 3326 560 3398 ri,
582 3322 721 3409 exempli
745 3344 842 3393 eausa
860 3315 1040 3402 τζίννξιφον,
1056 3344 1117 3406 quo
1132 3345 1193 3411 pro

92 3436 210 3521 ζίζιφον
230 3444 332 3510 utitur
353 3443 476 3529 vulgus.
521 3445 570 3515 At
589 3447 626 3514 in
648 3449 829 3533 peregrinis
858 3447 1090 3525 locutionibus,
1119 3444 1195 3526 quiid

33 3543 35 3550 Α
92 3569 153 3630 sibi
173 3566 251 3630 velit
272 3570 307 3638 τέ
329 3585 482 3648 quaerere
503 3585 591 3630 nune
612 3588 680 3631 nen
702 3581 807 3648 vacat,
829 3569 980 3648 qnoniam
1003 3565 1120 3629 Graeci
1142 3585 1195 3636 va·

92 3689 159 3756 rios
181 3691 424 3774 peregrinarum
446 3689 632 3774 linguarum
653 3709 761 3768 sonos,
785 3689 896 3770 quibus
918 3687 981 3772 ipsi
997 3695 1118 3764 carent,
1135 3683 1196 3754 hoe

93 3809 185 3873 medo
208 3812 425 3894 exprimentes
447 3811 665 3875 diversissima
688 3810 877 3890 quandoque
898 3809 1103 3876 miscuerunt
1138 3807 1197 3876 Est

95 3942 201 3998 autem
223 3926 285 3990 hoe
307 3945 532 4013 argumentum
553 3953 595 3995 ex
616 3933 676 4011 iis,
700 3931 784 4011 qnod
804 3932 840 3994 in
862 3929 1027 4000 tradendis
1055 3951 1195 4016 pronun,

96 4052 240 4118 tiotionis
261 4050 384 4136 regulis
405 4055 533 4120 uberius
555 4051 793 4140 explanandum
815 4053 868 4118 sit.
921 4054 1028 4132 Quare
1055 4053 1134 4126 alibi
1157 4053 1195 4126 de

97 4196 133 4246 eo
155 4193 295 4258 agemus,

348 4307 360 4335 l
