2860 4870
1128 303 1194 376 101

87 495 161 563 128.
183 527 228 545 -
251 480 447 576 ε’σφοῦγγισε
476 511 518 556 ex
547 489 636 576 vulgi
665 492 893 558 consuetudine
919 514 979 581 pro
1008 488 1189 580 ἐσπόγγισε.

83 621 131 686 At
155 618 245 693 nihil
272 619 390 680 mirum
418 612 543 679 in‘hao
575 616 695 695 lorma3
728 636 805 680 nam
836 617 942 682 Attici
977 639 1100 704 quoque
1133 611 1188 682 rio

78 735 230 824 σπόγγον
251 737 458 826 appellabant
477 725 634 819 σφόγγον.
670 737 854 819 Praeterea,
877 759 972 821 quam
993 762 1089 830 saepe
1111 768 1129 805 ο
1150 747 1187 809 in

81 889 124 926 ου
146 866 183 928 in
205 872 347 926 veterum
369 859 518 924 dialectis
541 861 719 942 transierit,
742 871 894 926 notares
916 873 976 926 est.
1006 863 1084 928 vid.
1100 866 1185 931 Mat·

81 985 174 1051 thiae
197 984 252 1048 Gr.
277 983 333 1046 Gr.
356 984 446 1047 Tom.
470 984 488 1046 I
508 1005 539 1068 p.
565 980 608 1046 tl
632 983 680 1046 ed.
703 983 748 1047 Il.

214 1107 256 1169 V.
281 1105 355 1170 196.
400 1096 649 1186 οὐμπασχήσετε
670 1106 751 1192 Imp.
769 1125 836 1168 aor.
854 1108 943 1172 verbi
957 1109 1086 1172 barbari
1106 1129 1186 1191 συμ-

77 1225 213 1306 cccxci,
241 1230 325 1311 quod
352 1229 460 1291 omisit
484 1228 675 1312 Ducangius
703 1230 740 1292 in
768 1227 942 1293 Glossario.
1000 1230 1080 1316 Ejus
1111 1232 1184 1298 lo'co

77 1354 177 1418 hodic
199 1363 236 1416 ut
257 1351 462 1432 antiquorum
484 1361 589 1412 aetate
611 1339 797 1430 συμπάσκω
818 1350 938 1427 dieunt,
960 1373 1059 1434 aquo
1076 1355 1184 1420 differt

75 1472 263 1556 συμπαβῶ,
292 1472 375 1554 quod
401 1472 563 1558 prioribus
590 1471 728 1574 saeculip
757 1436 924 1539 simillirira
945 1475 1184 1557 significatione

73 1609 158 1661 erat.
182 1633 226 1643 -
247 1584 303 1671 ripn
321 1585 403 1670 ’δική
425 1617 491 1674 μου
512 1595 533 1657 i.
558 1617 585 1657 e.
609 1589 665 1672 ripn
687 1582 793 1671 ε’ὃικήν
812 1616 886 1674 μου.
938 1595 987 1659 cf.
1011 1597 1119 1661 adnot.
1143 1598 1184 1662 ad

70 1741 157 1787 vers·
181 1715 235 1784 20.

208 1840 252 1903 V.
269 1838 351 1904 197.
396 1835 489 1899 πᾶσα
510 1827 553 1910 εἷς
575 1839 627 1903 vel
648 1835 741 1899 πᾶσα
763 1827 837 1910 ἕνας
862 1838 1026 1906 roloeeum
1054 1853 1087 1905 et
1111 1844 1184 1907 bar-

69 1970 189 2032 barum
217 1984 277 2051 pro
306 1951 447 2032 iocerne.
496 1961 574 2026 Vid.
605 1961 720 2025 Corais
746 1954 866 2023 Ἀτακτ.
888 1963 970 2026 Tom
992 1964 1026 2027 Il
1052 1985 1085 2051 p.
1108 1961 1183 2029 286.

72 2087 244 2152 Interdum
272 2085 357 2171 apud
382 2084 578 2166 antiquiores
606 2095 720 2169 poetes
754 2086 1024 2168 barbarograeoos
1050 2086 1192 2170 legiturs

62 2209 160 2294 'quod
180 2208 278 2297 paulo
301 2218 351 2270 est
372 2207 507 2286 rectius,
536 2202 599 2275 πᾶς
627 2193 700 2276 ἕνας
726 2206 778 2270 vel
806 2210 1001 2291 conjunctim
1029 2202 1181 2280 πασίνας.

69 2333 178 2398 Hodie
200 2353 260 2420 pro
276 2329 327 2393 his
347 2330 561 2392 locutionibus
577 2329 728 2392 dicituro
743 2329 839 2412 vulgo
855 2319 941 2400 κάζθε
957 2330 1008 2394 vel
1023 2325 1178 2402 καβέυας.

207 2454 252 2516 V.
278 2451 351 2516 198.
395 2422 501 2527 taillac
524 2452 546 2510 i.
571 2471 598 2510 e.
623 2438 755 2525 ἕλαβαυ,
777 2452 876 2512 attice
899 2439 1023 2528 ἕλαβσυ.
1045 2483 1088 2500 -·
1110 2459 1180 2513 πἀι.

74 2566 132 2637 διά
152 2594 212 2661 per
234 2572 397 2653 synizesin
419 2590 477 2653 pro
500 2559 620 2624 παιδία.
696 2609 699 2618 .

92 2663 134 2694 υ
210 2693 255 2756 V.
281 2689 354 2756 199.
398 2674 581 2768 ovvooopeo't’
613 2686 634 2748 i.
658 2706 685 2748 e.
713 2676 921 2766 σιηννροφίαν,
954 2705 1034 2768 quae
1061 2708 1126 2752 vox
1147 2691 1184 2752 in

75 2793 261 2883 recentiore,
278 2814 394 2897 lingua
416 2769 631 2896 semperiore
657 2829 717 2896 pro
746 2805 911 2872 comitato
936 2809 989 2873 vel
1017 2806 1184 2874 societate

74 2942 244 3028 accipitur.
296 2935 453 3021 Exempla
481 2932 577 3017 hujus
605 2932 857 3015 significationis
885 2954 927 2996 ex
955 2933 1181 2997 vetustioribus

31 3053 42 3062 ⁸
73 3065 205 3150 seriptis
220 3060 348 3144 vulgari
362 3047 510 3120 sermone
527 3056 679 3116 confectis
695 3054 826 3136 collegit
841 3055 1032 3138 Ducongius
1049 3056 1130 3119 Tom
1146 3055 1181 3120 11

71 3205 149 3274 pag.
180 3180 276 3261 1190.
326 3178 421 3242 Hono
447 3177 736 3261 significationem,
769 3185 864 3257 quam
891 3178 1020 3261 rejectis
1046 3177 1181 3259 reliquis

70 3327 175 3395 prope
197 3303 299 3368 eclam
321 3302 456 3365 retinuit
477 3300 609 3366 citerior
631 3301 801 3384 graecitas,
825 3302 989 3383 antiquam
1012 3323 1082 3365 esse
1105 3321 1180 3365 con·
1204 3347 1205 3350 ,

71 3439 151 3493 stat.
197 3425 337 3491 Consule
359 3423 598 3514 Londinensem
614 3395 774 3488 Therauri
789 3420 983 3510 Stephaniei
1005 3426 1179 3488 editionem

72 3574 100 3617 s.
125 3549 158 3615 h.
181 3571 210 3614 v.
261 3548 354 3612 Raro
380 3540 555 3628 <componier
583 3567 643 3632 pro
670 3535 839 3623 oriwpopot
865 3547 1001 3620 dicitur,
1029 3553 1066 3606 ut
1093 3545 1180 3606 inira

71 3693 168 3741 versu
195 3669 271 3736 388.
297 3734 299 3740 ,
323 3671 405 3734 Tum
432 3671 532 3753 igitur
559 3667 745 3730 vertendum
774 3675 825 3727 est
850 3661 1033 3739 sociorum,
1055 3659 1179 3726 amico-

73 3817 161 3871 rum,
174 3789 412 3881 familiarium
436 3793 577 3854 nornine.

210 3913 253 3975 V·
277 3911 352 3977 200.
396 3915 448 3979 De
477 3905 554 3972 ποτέ
571 3932 636 3991 μου
663 3909 857 3993 vid-«adnot.
888 3907 928 3971 ed
955 3927 1036 3972 vers.
1060 3905 1113 3972 75.
1136 3941 1179 3958 ···-

76 4036 179 4122 ἄφωνα
203 4037 219 4102 1
245 4054 330 4123 pers.
352 4035 435 4117 sing.
458 4034 539 4119 Imp.
562 4043 623 4095 aet.
646 4035 730 4096 verb.
752 4019 874 4107 οἷφίνω,
902 4031 1023 4112 dequo
1046 4031 1114 4095 dixi
1137 4033 1179 4095 ad

75 4185 157 4233 vers.
183 4159 258 4228 136.
281 4192 324 4207 -
345 4148 458 4239 ’βγοῦυ
479 4153 619 4244 explicui
648 4155 688 4220 ad
715 4174 796 4220 vers.
822 4150 894 4220 185.
925 4189 968 4201 -
997 4143 1060 4217 ἀπὸ
1081 4143 1180 4216 ..mot
