<?xml version="1.0" encoding="UTF-8"?>
<!DOCTYPE html PUBLIC "-//W3C//DTD XHTML 1.0 Transitional//EN"
    "http://www.w3.org/TR/xhtml1/DTD/xhtml1-transitional.dtd">
<html xmlns="http://www.w3.org/1999/xhtml" xml:lang="en" lang="en">
 <head>
  <title>
</title>
<meta http-equiv="Content-Type" content="text/html;charset=utf-8" />
  <meta name='ocr-system' content='tesseract 3.04.00' />
  <meta name='ocr-capabilities' content='ocr_page ocr_carea ocr_par ocr_line ocrx_word'/>
</head>
<body>
  <div class='ocr_page' id='page_1' title='image "./demetriizenipar01mullgoog_0123.png"; bbox 0 0 2870 4874; ppageno 0'>
   <div class='ocr_carea' id='block_1_1' title="bbox 1161 262 1214 352">
    <p class='ocr_par' dir='ltr' id='par_1_1' title="bbox 1161 262 1214 352">
     <span class='ocr_line' id='line_1_1' title="bbox 1161 262 1214 352; baseline 0 0"><span class='ocrx_word' id='word_1_1' title='bbox 1161 262 1214 352; x_wconf 80' lang='lat'>&#39;55</span> 
     </span>
    </p>
   </div>
   <div class='ocr_carea' id='block_1_2' title="bbox 99 457 1277 2759">
    <p class='ocr_par' dir='ltr' id='par_1_2' title="bbox 99 457 1277 2512">
     <span class='ocr_line' id='line_1_2' title="bbox 104 457 1211 546; baseline 0.009 -16"><span class='ocrx_word' id='word_1_2' title='bbox 104 463 166 530; x_wconf 81' lang='grc' dir='ltr'>νεά</span> <span class='ocrx_word' id='word_1_3' title='bbox 187 466 229 540; x_wconf 82' lang='grc' dir='ltr'>εἰς</span> <span class='ocrx_word' id='word_1_4' title='bbox 251 491 358 545; x_wconf 71' lang='lat' dir='ltr'>aaron,</span> <span class='ocrx_word' id='word_1_5' title='bbox 387 457 573 540; x_wconf 78' lang='grc' dir='ltr'><strong><em>παιδάκιον,</em></strong></span> <span class='ocrx_word' id='word_1_6' title='bbox 601 458 778 545; x_wconf 60' lang='lat' dir='ltr'>deroderet),</span> <span class='ocrx_word' id='word_1_7' title='bbox 805 458 970 546; x_wconf 66' lang='lat' dir='ltr'>dqdo&#39;tmov.</span> <span class='ocrx_word' id='word_1_8' title='bbox 1022 473 1107 537; x_wconf 82' lang='lat' dir='ltr'>Adde</span> <span class='ocrx_word' id='word_1_9' title='bbox 1135 493 1211 540; x_wconf 83' lang='lat' dir='ltr'>etm-</span> 
     </span>
     <span class='ocr_line' id='line_1_3' title="bbox 103 586 1207 676; baseline 0.001 -18"><span class='ocrx_word' id='word_1_10' title='bbox 103 595 176 658; x_wconf 85' lang='lat' dir='ltr'>dem</span> <span class='ocrx_word' id='word_1_11' title='bbox 199 592 353 673; x_wconf 72' lang='grc' dir='ltr'>Προδρομ.Ι</span> <span class='ocrx_word' id='word_1_12' title='bbox 374 586 526 663; x_wconf 50' lang='grc' dir='ltr'>(Ελληνικ.</span> <span class='ocrx_word' id='word_1_13' title='bbox 551 591 684 666; x_wconf 61' lang='grc' dir='ltr'>βιβλτοὲ·</span> <span class='ocrx_word' id='word_1_14' title='bbox 706 595 769 650; x_wconf 62' lang='lat' dir='ltr'>ffel·</span> <span class='ocrx_word' id='word_1_15' title='bbox 792 590 866 656; x_wconf 84' lang='lat'><strong>317.</strong></span> <span class='ocrx_word' id='word_1_16' title='bbox 889 605 921 656; x_wconf 85' lang='lat' dir='ltr'>et</span> <span class='ocrx_word' id='word_1_17' title='bbox 947 587 1065 655; x_wconf 59' lang='lat' dir='ltr'>’Araxa</span> <span class='ocrx_word' id='word_1_18' title='bbox 1087 615 1154 676; x_wconf 70' lang='grc' dir='ltr'>τομ.</span> <span class='ocrx_word' id='word_1_19' title='bbox 1178 588 1207 658; x_wconf 78' lang='grc' dir='ltr'>α’</span> 
     </span>
     <span class='ocr_line' id='line_1_4' title="bbox 102 711 1208 791; baseline 0.009 -15"><span class='ocrx_word' id='word_1_20' title='bbox 102 719 170 781; x_wconf 73' lang='lat' dir='ltr'>oet.</span> <span class='ocrx_word' id='word_1_21' title='bbox 196 713 247 778; x_wconf 79' lang='lat'>47.</span> <span class='ocrx_word' id='word_1_22' title='bbox 292 713 397 777; x_wconf 89' lang='lat' dir='ltr'>Porro</span> <span class='ocrx_word' id='word_1_23' title='bbox 420 711 593 775; x_wconf 88' lang='lat' dir='ltr'>notandum</span> <span class='ocrx_word' id='word_1_24' title='bbox 617 724 681 791; x_wconf 88' lang='lat' dir='ltr'>cst,</span> <span class='ocrx_word' id='word_1_25' title='bbox 704 713 849 777; x_wconf 85' lang='lat' dir='ltr'>ultimam</span> <span class='ocrx_word' id='word_1_26' title='bbox 878 716 1145 785; x_wconf 87' lang='lat' dir='ltr'>deminutivorum</span> <span class='ocrx_word' id='word_1_27' title='bbox 1171 723 1208 786; x_wconf 89' lang='lat' dir='ltr'>in</span> 
     </span>
     <span class='ocr_line' id='line_1_5' title="bbox 105 834 1207 921; baseline 0.011 -26"><span class='ocrx_word' id='word_1_28' title='bbox 105 859 155 898; x_wconf 74' lang='lat' dir='ltr'>too</span> <span class='ocrx_word' id='word_1_29' title='bbox 189 836 402 900; x_wconf 87' lang='lat' dir='ltr'>desinentium</span> <span class='ocrx_word' id='word_1_30' title='bbox 435 834 591 916; x_wconf 80' lang='lat' dir='ltr'><strong>syllabam</strong></span> <span class='ocrx_word' id='word_1_31' title='bbox 625 855 645 899; x_wconf 87' lang='lat' dir='ltr'>a</span> <span class='ocrx_word' id='word_1_32' title='bbox 675 834 770 921; x_wconf 83' lang='lat' dir='ltr'>plebe</span> <span class='ocrx_word' id='word_1_33' title='bbox 805 854 922 919; x_wconf 85' lang='lat' dir='ltr'>graeca</span> <span class='ocrx_word' id='word_1_34' title='bbox 959 856 1044 901; x_wconf 89' lang='lat' dir='ltr'>nunc</span> <span class='ocrx_word' id='word_1_35' title='bbox 1081 842 1207 921; x_wconf 86' lang='lat' dir='ltr'>quidem</span> 
     </span>
     <span class='ocr_line' id='line_1_6' title="bbox 106 947 1208 1042; baseline 0.003 -19"><span class='ocrx_word' id='word_1_36' title='bbox 106 959 224 1038; x_wconf 86' lang='lat' dir='ltr'>omitti,</span> <span class='ocrx_word' id='word_1_37' title='bbox 246 959 292 1022; x_wconf 90' lang='lat' dir='ltr'>ita</span> <span class='ocrx_word' id='word_1_38' title='bbox 315 968 350 1021; x_wconf 89' lang='lat' dir='ltr'>ut</span> <span class='ocrx_word' id='word_1_39' title='bbox 371 947 556 1037; x_wconf 75' lang='grc' dir='ltr'><strong><em>παλληκάρι,</em></strong></span> <span class='ocrx_word' id='word_1_40' title='bbox 577 950 677 1037; x_wconf 62' lang='lat' dir='ltr'>morti,-</span> <span class='ocrx_word' id='word_1_41' title='bbox 699 947 775 1036; x_wconf 79' lang='grc' dir='ltr'><em>βῴδι</em></span> <span class='ocrx_word' id='word_1_42' title='bbox 797 958 937 1037; x_wconf 83' lang='lat' dir='ltr'>dicatur,</span> <span class='ocrx_word' id='word_1_43' title='bbox 966 960 1024 1023; x_wconf 90' lang='lat' dir='ltr'>sed</span> <span class='ocrx_word' id='word_1_44' title='bbox 1051 963 1208 1042; x_wconf 88' lang='lat' dir='ltr'>antiquio·</span> 
     </span>
     <span class='ocr_line' id='line_1_7' title="bbox 106 1069 1208 1165; baseline -0.002 -21"><span class='ocrx_word' id='word_1_45' title='bbox 106 1103 160 1145; x_wconf 88' lang='lat' dir='ltr'>res</span> <span class='ocrx_word' id='word_1_46' title='bbox 182 1081 321 1144; x_wconf 86' lang='lat' dir='ltr'>Graecos</span> <span class='ocrx_word' id='word_1_47' title='bbox 342 1069 547 1160; x_wconf 78' lang='grc' dir='ltr'><strong><em>παλληκάριν,</em></strong></span> <span class='ocrx_word' id='word_1_48' title='bbox 569 1072 688 1160; x_wconf 64' lang='lat' dir='ltr'>popolo,</span> <span class='ocrx_word' id='word_1_49' title='bbox 711 1069 807 1158; x_wconf 81' lang='grc' dir='ltr'><strong><em>βῴδιν</em></strong></span> <span class='ocrx_word' id='word_1_50' title='bbox 829 1081 966 1160; x_wconf 79' lang='lat' dir='ltr'><strong>dixisse,</strong></span> <span class='ocrx_word' id='word_1_51' title='bbox 996 1086 1085 1165; x_wconf 81' lang='lat' dir='ltr'>qu&#39;us</span> <span class='ocrx_word' id='word_1_52' title='bbox 1113 1101 1208 1165; x_wconf 82' lang='lat' dir='ltr'>geno.</span> 
     </span>
     <span class='ocr_line' id='line_1_8' title="bbox 102 1201 1207 1292; baseline 0.004 -26"><span class='ocrx_word' id='word_1_53' title='bbox 102 1206 150 1268; x_wconf 90' lang='lat' dir='ltr'>ris</span> <span class='ocrx_word' id='word_1_54' title='bbox 172 1204 312 1290; x_wconf 82' lang='lat' dir='ltr'>plurima</span> <span class='ocrx_word' id='word_1_55' title='bbox 339 1202 486 1289; x_wconf 86' lang='lat' dir='ltr'>exempla</span> <span class='ocrx_word' id='word_1_56' title='bbox 508 1201 695 1266; x_wconf 86' lang='lat' dir='ltr'>Theodorus</span> <span class='ocrx_word' id='word_1_57' title='bbox 720 1201 1033 1290; x_wconf 86' lang='lat' dir='ltr'>Ptochoprodromus</span> <span class='ocrx_word' id='word_1_58' title='bbox 1060 1206 1207 1292; x_wconf 88' lang='lat' dir='ltr'>suppedi-</span> 
     </span>
     <span class='ocr_line' id='line_1_9' title="bbox 102 1304 1207 1412; baseline 0.003 -22"><span class='ocrx_word' id='word_1_59' title='bbox 102 1337 159 1390; x_wconf 90' lang='lat' dir='ltr'>tat.</span> <span class='ocrx_word' id='word_1_60' title='bbox 214 1327 327 1410; x_wconf 83' lang='lat' dir='ltr'>Neque</span> <span class='ocrx_word' id='word_1_61' title='bbox 356 1346 430 1389; x_wconf 87' lang='lat' dir='ltr'>vero</span> <span class='ocrx_word' id='word_1_62' title='bbox 464 1323 545 1388; x_wconf 88' lang='lat' dir='ltr'>hacc</span> <span class='ocrx_word' id='word_1_63' title='bbox 578 1327 741 1410; x_wconf 78' lang='lat' dir='ltr'>posterior</span> <span class='ocrx_word' id='word_1_64' title='bbox 773 1326 876 1390; x_wconf 82' lang='lat' dir='ltr'>forma</span> <span class='ocrx_word' id='word_1_65' title='bbox 904 1304 974 1408; x_wconf 84' lang='lat' dir='ltr'>jam</span> <span class='ocrx_word' id='word_1_66' title='bbox 1007 1345 1139 1412; x_wconf 83' lang='lat' dir='ltr'>prorsus</span> <span class='ocrx_word' id='word_1_67' title='bbox 1171 1330 1207 1392; x_wconf 86' lang='lat' dir='ltr'>in</span> 
     </span>
     <span class='ocr_line' id='line_1_10' title="bbox 104 1447 1206 1534; baseline 0.002 -22"><span class='ocrx_word' id='word_1_68' title='bbox 104 1449 244 1513; x_wconf 80' lang='lat' dir='ltr'>Graecia</span> <span class='ocrx_word' id='word_1_69' title='bbox 266 1448 442 1525; x_wconf 74' lang='lat' dir='ltr'>intercidit,</span> <span class='ocrx_word' id='word_1_70' title='bbox 464 1447 621 1529; x_wconf 87' lang='lat' dir='ltr'>siquidem</span> <span class='ocrx_word' id='word_1_71' title='bbox 649 1447 763 1534; x_wconf 87' lang='lat' dir='ltr'>Cyprii</span> <span class='ocrx_word' id='word_1_72' title='bbox 789 1460 822 1511; x_wconf 90' lang='lat' dir='ltr'>et</span> <span class='ocrx_word' id='word_1_73' title='bbox 844 1449 974 1512; x_wconf 90' lang='lat' dir='ltr'>Pontici</span> <span class='ocrx_word' id='word_1_74' title='bbox 1001 1450 1099 1514; x_wconf 89' lang='lat' dir='ltr'>etiam</span> <span class='ocrx_word' id='word_1_75' title='bbox 1120 1469 1206 1514; x_wconf 89' lang='lat' dir='ltr'>nune</span> 
     </span>
     <span class='ocr_line' id='line_1_11' title="bbox 100 1569 1209 1654; baseline -0.001 -18"><span class='ocrx_word' id='word_1_76' title='bbox 100 1573 151 1636; x_wconf 89' lang='lat' dir='ltr'>sic</span> <span class='ocrx_word' id='word_1_77' title='bbox 173 1569 356 1652; x_wconf 83' lang='lat' dir='ltr'>loquuntur.</span> <span class='ocrx_word' id='word_1_78' title='bbox 405 1570 510 1647; x_wconf 74' lang='lat' dir='ltr'>Quidl</span> <span class='ocrx_word' id='word_1_79' title='bbox 533 1571 616 1650; x_wconf 92' lang='lat' dir='ltr'>quod</span> <span class='ocrx_word' id='word_1_80' title='bbox 638 1569 733 1654; x_wconf 86' lang='lat' dir='ltr'>hujus</span> <span class='ocrx_word' id='word_1_81' title='bbox 756 1571 927 1653; x_wconf 76' lang='lat' dir='ltr'>analogiae</span> <span class='ocrx_word' id='word_1_82' title='bbox 944 1573 1014 1652; x_wconf 81' lang='lat' dir='ltr'>J‘am</span> <span class='ocrx_word' id='word_1_83' title='bbox 1037 1572 1073 1633; x_wconf 92' lang='lat' dir='ltr'>in</span> <span class='ocrx_word' id='word_1_84' title='bbox 1095 1571 1209 1635; x_wconf 86' lang='lat' dir='ltr'>inscri-</span> 
     </span>
     <span class='ocr_line' id='line_1_12' title="bbox 100 1691 1209 1782; baseline -0.001 -24"><span class='ocrx_word' id='word_1_85' title='bbox 100 1695 266 1782; x_wconf 85' lang='lat' dir='ltr'>ptionibus</span> <span class='ocrx_word' id='word_1_86' title='bbox 292 1693 424 1757; x_wconf 88' lang='lat' dir='ltr'>secundi</span> <span class='ocrx_word' id='word_1_87' title='bbox 452 1692 503 1755; x_wconf 88' lang='lat' dir='ltr'>vel</span> <span class='ocrx_word' id='word_1_88' title='bbox 531 1694 621 1757; x_wconf 85' lang='lat' dir='ltr'>tertii</span> <span class='ocrx_word' id='word_1_89' title='bbox 650 1703 723 1778; x_wconf 90' lang='lat' dir='ltr'>post</span> <span class='ocrx_word' id='word_1_90' title='bbox 747 1691 823 1756; x_wconf 84' lang='lat' dir='ltr'>Chr.</span> <span class='ocrx_word' id='word_1_91' title='bbox 847 1713 877 1757; x_wconf 90' lang='lat' dir='ltr'>n.</span> <span class='ocrx_word' id='word_1_92' title='bbox 906 1692 1028 1758; x_wconf 89' lang='lat' dir='ltr'>saeculi</span> <span class='ocrx_word' id='word_1_93' title='bbox 1055 1694 1209 1774; x_wconf 87' lang='lat' dir='ltr'>quaedam</span> 
     </span>
     <span class='ocr_line' id='line_1_13' title="bbox 101 1813 1277 1902; baseline -0.007 -22"><span class='ocrx_word' id='word_1_94' title='bbox 101 1816 251 1902; x_wconf 86' lang='lat' dir='ltr'>exempla</span> <span class='ocrx_word' id='word_1_95' title='bbox 278 1826 362 1880; x_wconf 87' lang='lat' dir='ltr'>sunt.</span> <span class='ocrx_word' id='word_1_96' title='bbox 412 1815 499 1878; x_wconf 90' lang='lat' dir='ltr'>Nam</span> <span class='ocrx_word' id='word_1_97' title='bbox 529 1817 612 1900; x_wconf 86' lang='lat' dir='ltr'>apud</span> <span class='ocrx_word' id='word_1_98' title='bbox 644 1813 785 1879; x_wconf 80' lang='lat' dir='ltr'>Boeclth.</span> <span class='ocrx_word' id='word_1_99' title='bbox 821 1815 917 1902; x_wconf 86' lang='lat' dir='ltr'>Corp.</span> <span class='ocrx_word' id='word_1_100' title='bbox 949 1815 1052 1879; x_wconf 88' lang='lat' dir='ltr'>lnscr.</span> <span class='ocrx_word' id='word_1_101' title='bbox 1085 1830 1161 1879; x_wconf 90' lang='lat' dir='ltr'>tom.</span> <span class='ocrx_word' id='word_1_102' title='bbox 1182 1815 1207 1879; x_wconf 89' lang='lat'>1.</span> <span class='ocrx_word' id='word_1_103' title='bbox 1271 1861 1277 1872; x_wconf 81' lang='lat'><em>.</em></span> 
     </span>
     <span class='ocr_line' id='line_1_14' title="bbox 102 1934 1208 2026; baseline 0 -24"><span class='ocrx_word' id='word_1_104' title='bbox 102 1953 185 2026; x_wconf 86' lang='lat' dir='ltr'>part.</span> <span class='ocrx_word' id='word_1_105' title='bbox 216 1938 265 2001; x_wconf 93' lang='grc'>11.</span> <span class='ocrx_word' id='word_1_106' title='bbox 293 1941 389 1998; x_wconf 63' lang='lat' dir='ltr'>num.v</span> <span class='ocrx_word' id='word_1_107' title='bbox 413 1934 486 2000; x_wconf 82' lang='lat'>506.</span> <span class='ocrx_word' id='word_1_108' title='bbox 514 1948 546 1998; x_wconf 87' lang='lat' dir='ltr'>et</span> <span class='ocrx_word' id='word_1_109' title='bbox 580 1934 654 2000; x_wconf 70' lang='lat'>704.</span> <span class='ocrx_word' id='word_1_110' title='bbox 688 1937 838 2020; x_wconf 83' lang='lat' dir='ltr'>leguntur</span> <span class='ocrx_word' id='word_1_111' title='bbox 872 1939 1006 2002; x_wconf 89' lang='lat' dir='ltr'>nomina</span> <span class='ocrx_word' id='word_1_112' title='bbox 1038 1936 1208 2002; x_wconf 91' lang='lat' dir='ltr'>mulierum</span> 
     </span>
     <span class='ocr_line' id='line_1_15' title="bbox 104 2049 1208 2146; baseline -0.002 -25"><span class='ocrx_word' id='word_1_113' title='bbox 104 2061 237 2146; x_wconf 77' lang='lat' dir='ltr'>propria</span> <span class='ocrx_word' id='word_1_114' title='bbox 257 2051 437 2138; x_wconf 57' lang='lat' dir='ltr'>’macedon</span> <span class='ocrx_word' id='word_1_115' title='bbox 459 2069 492 2122; x_wconf 81' lang='lat' dir='ltr'>et</span> <span class='ocrx_word' id='word_1_116' title='bbox 515 2049 683 2138; x_wconf 68' lang='grc' dir='ltr'><em>Φιλημάνιν</em></span> <span class='ocrx_word' id='word_1_117' title='bbox 705 2060 726 2122; x_wconf 90' lang='lat' dir='ltr'>i.</span> <span class='ocrx_word' id='word_1_118' title='bbox 748 2081 773 2122; x_wconf 85' lang='lat' dir='ltr'>e.</span> <span class='ocrx_word' id='word_1_119' title='bbox 795 2052 993 2139; x_wconf 60' lang='grc' dir='ltr'><strong><em>Ἐλευὲἔριον</em></strong></span> <span class='ocrx_word' id='word_1_120' title='bbox 1020 2070 1052 2123; x_wconf 84' lang='lat' dir='ltr'>et</span> <span class='ocrx_word' id='word_1_121' title='bbox 1074 2051 1208 2139; x_wconf 78' lang='grc' dir='ltr'>Φιλημά.</span> 
     </span>
     <span class='ocr_line' id='line_1_16' title="bbox 100 2172 1207 2268; baseline 0.005 -27"><span class='ocrx_word' id='word_1_122' title='bbox 100 2201 174 2242; x_wconf 76' lang='lat' dir='ltr'>nov.</span> <span class='ocrx_word' id='word_1_123' title='bbox 221 2180 316 2258; x_wconf 84' lang='lat' dir='ltr'>Quod</span> <span class='ocrx_word' id='word_1_124' title='bbox 337 2179 495 2264; x_wconf 90' lang='lat' dir='ltr'>reliquum</span> <span class='ocrx_word' id='word_1_125' title='bbox 518 2191 568 2245; x_wconf 84' lang='lat' dir='ltr'>est</span> <span class='ocrx_word' id='word_1_126' title='bbox 588 2172 801 2262; x_wconf 71' lang='grc' dir='ltr'>παλληκάριον</span> <span class='ocrx_word' id='word_1_127' title='bbox 818 2186 887 2265; x_wconf 90' lang='lat' dir='ltr'>jam</span> <span class='ocrx_word' id='word_1_128' title='bbox 911 2182 995 2268; x_wconf 90' lang='lat' dir='ltr'>apud</span> <span class='ocrx_word' id='word_1_129' title='bbox 1017 2183 1114 2246; x_wconf 91' lang='lat' dir='ltr'>medii</span> <span class='ocrx_word' id='word_1_130' title='bbox 1136 2185 1207 2248; x_wconf 87' lang='lat' dir='ltr'>aevi</span> 
     </span>
     <span class='ocr_line' id='line_1_17' title="bbox 99 2303 1207 2392; baseline -0.004 -22"><span class='ocrx_word' id='word_1_131' title='bbox 99 2306 273 2392; x_wconf 81' lang='lat' dir='ltr'>scriptores</span> <span class='ocrx_word' id='word_1_132' title='bbox 308 2303 441 2388; x_wconf 82' lang='lat' dir='ltr'>legitur3</span> <span class='ocrx_word' id='word_1_133' title='bbox 471 2305 508 2369; x_wconf 83' lang='lat' dir='ltr'>el.</span> <span class='ocrx_word' id='word_1_134' title='bbox 536 2303 683 2389; x_wconf 84' lang='lat' dir='ltr'>Ducang.</span> <span class='ocrx_word' id='word_1_135' title='bbox 719 2304 861 2369; x_wconf 84' lang='lat' dir='ltr'>Glossar.</span> <span class='ocrx_word' id='word_1_136' title='bbox 896 2305 975 2368; x_wconf 90' lang='lat' dir='ltr'>med.</span> <span class='ocrx_word' id='word_1_137' title='bbox 1010 2318 1042 2369; x_wconf 90' lang='lat' dir='ltr'>et</span> <span class='ocrx_word' id='word_1_138' title='bbox 1075 2307 1132 2370; x_wconf 89' lang='lat' dir='ltr'>inl.</span> <span class='ocrx_word' id='word_1_139' title='bbox 1160 2325 1207 2392; x_wconf 78' lang='lat' dir='ltr'>gr.</span> 
     </span>
     <span class='ocr_line' id='line_1_18' title="bbox 102 2409 646 2512; baseline -0.009 -17"><span class='ocrx_word' id='word_1_140' title='bbox 102 2431 193 2496; x_wconf 81' lang='lat' dir='ltr'>Tem.</span> <span class='ocrx_word' id='word_1_141' title='bbox 217 2427 243 2490; x_wconf 92' lang='lat'>1.</span> <span class='ocrx_word' id='word_1_142' title='bbox 266 2446 340 2512; x_wconf 86' lang='lat' dir='ltr'>pag.</span> <span class='ocrx_word' id='word_1_143' title='bbox 364 2424 459 2490; x_wconf 79' lang='lat'><strong>1085.</strong></span> <span class='ocrx_word' id='word_1_144' title='bbox 644 2409 646 2414; x_wconf 28' lang='lat'><strong>³</strong></span> 
     </span>
    </p>

    <p class='ocr_par' dir='ltr' id='par_1_3' title="bbox 107 2512 1210 2759">
     <span class='ocr_line' id='line_1_19' title="bbox 235 2512 1209 2627; baseline 0.002 -19"><span class='ocrx_word' id='word_1_145' title='bbox 235 2547 278 2608; x_wconf 87' lang='lat' dir='ltr'>V.</span> <span class='ocrx_word' id='word_1_146' title='bbox 300 2547 329 2610; x_wconf 84' lang='lat'>7.</span> <span class='ocrx_word' id='word_1_147' title='bbox 376 2537 468 2614; x_wconf 74' lang='grc' dir='ltr'>ὅλους</span> <span class='ocrx_word' id='word_1_148' title='bbox 489 2564 603 2607; x_wconf 82' lang='lat' dir='ltr'>omnes</span> <span class='ocrx_word' id='word_1_149' title='bbox 632 2512 701 2606; x_wconf 61' lang='lat' dir='ltr'>hocx</span> <span class='ocrx_word' id='word_1_150' title='bbox 715 2564 812 2606; x_wconf 87' lang='lat' dir='ltr'>sensu</span> <span class='ocrx_word' id='word_1_151' title='bbox 829 2550 899 2625; x_wconf 80' lang='lat' dir='ltr'>jam</span> <span class='ocrx_word' id='word_1_152' title='bbox 921 2544 1139 2627; x_wconf 88' lang='lat' dir='ltr'>Sophocleum</span> <span class='ocrx_word' id='word_1_153' title='bbox 1160 2559 1209 2610; x_wconf 90' lang='lat' dir='ltr'>est</span> 
     </span>
     <span class='ocr_line' id='line_1_20' title="bbox 107 2661 1210 2759; baseline -0.007 -24"><span class='ocrx_word' id='word_1_154' title='bbox 107 2674 143 2735; x_wconf 91' lang='lat' dir='ltr'>in</span> <span class='ocrx_word' id='word_1_155' title='bbox 165 2668 270 2751; x_wconf 86' lang='lat' dir='ltr'>Ajaee</span> <span class='ocrx_word' id='word_1_156' title='bbox 291 2685 371 2730; x_wconf 85' lang='lat' dir='ltr'>vers.</span> <span class='ocrx_word' id='word_1_157' title='bbox 395 2661 500 2742; x_wconf 75' lang='lat'>1084,</span> <span class='ocrx_word' id='word_1_158' title='bbox 523 2665 578 2727; x_wconf 91' lang='lat' dir='ltr'>ubi</span> <span class='ocrx_word' id='word_1_159' title='bbox 600 2664 671 2726; x_wconf 88' lang='lat' dir='ltr'>vide</span> <span class='ocrx_word' id='word_1_160' title='bbox 693 2663 873 2759; x_wconf 75' lang='lat' dir='ltr'>Hermanni</span> <span class='ocrx_word' id='word_1_161' title='bbox 896 2664 1144 2728; x_wconf 84' lang='lat' dir='ltr'>adnotationem.</span> <span class='ocrx_word' id='word_1_162' title='bbox 1168 2699 1210 2716; x_wconf 92' lang='lat'><em>-</em></span> 
     </span>
    </p>
   </div>
   <div class='ocr_carea' id='block_1_3' title="bbox 107 2771 1330 2875">
    <p class='ocr_par' dir='ltr' id='par_1_4' title="bbox 107 2771 1330 2875">
     <span class='ocr_line' id='line_1_21' title="bbox 107 2771 1330 2875; baseline 0.001 -24"><span class='ocrx_word' id='word_1_163' title='bbox 107 2781 239 2862; x_wconf 72' lang='lat' dir='ltr'>vo&#39;c’xera</span> <span class='ocrx_word' id='word_1_164' title='bbox 260 2808 318 2875; x_wconf 91' lang='lat' dir='ltr'>pro</span> <span class='ocrx_word' id='word_1_165' title='bbox 341 2773 511 2860; x_wconf 71' lang='grc' dir='ltr'><strong>νὰὲχετεί.</strong></span> <span class='ocrx_word' id='word_1_166' title='bbox 525 2771 716 2861; x_wconf 63' lang='lat' dir='ltr'>eudimus.</span> <span class='ocrx_word' id='word_1_167' title='bbox 739 2820 783 2832; x_wconf 90' lang='lat'><em>-</em></span> <span class='ocrx_word' id='word_1_168' title='bbox 805 2776 858 2860; x_wconf 66' lang='lat' dir='ltr'>rio</span> <span class='ocrx_word' id='word_1_169' title='bbox 880 2774 974 2866; x_wconf 80' lang='grc' dir='ltr'><em>ὑγειά</em></span> <span class='ocrx_word' id='word_1_170' title='bbox 995 2805 1056 2857; x_wconf 85' lang='grc' dir='ltr'>σας</span> <span class='ocrx_word' id='word_1_171' title='bbox 1078 2807 1136 2873; x_wconf 88' lang='lat' dir='ltr'>per</span> <span class='ocrx_word' id='word_1_172' title='bbox 1158 2809 1209 2868; x_wconf 87' lang='lat' dir='ltr'>sy·</span> <span class='ocrx_word' id='word_1_173' title='bbox 1324 2807 1330 2816; x_wconf 85' lang='lat'>&#39;</span> 
     </span>
    </p>
   </div>
   <div class='ocr_carea' id='block_1_4' title="bbox 106 2875 1209 2998">
    <p class='ocr_par' dir='ltr' id='par_1_5' title="bbox 106 2875 1209 2998">
     <span class='ocr_line' id='line_1_22' title="bbox 106 2875 1209 2998; baseline -0.01 -20"><span class='ocrx_word' id='word_1_174' title='bbox 106 2915 229 2978; x_wconf 84' lang='lat' dir='ltr'>nizesin</span> <span class='ocrx_word' id='word_1_175' title='bbox 250 2924 282 2975; x_wconf 89' lang='lat' dir='ltr'>et</span> <span class='ocrx_word' id='word_1_176' title='bbox 304 2929 468 2997; x_wconf 86' lang='lat' dir='ltr'>apocopen</span> <span class='ocrx_word' id='word_1_177' title='bbox 491 2930 550 2998; x_wconf 92' lang='lat' dir='ltr'>pro</span> <span class='ocrx_word' id='word_1_178' title='bbox 572 2898 627 2983; x_wconf 66' lang='lat' dir='ltr'>riv</span> <span class='ocrx_word' id='word_1_179' title='bbox 647 2901 762 2991; x_wconf 83' lang='grc' dir='ltr'><strong><em>ὑγείαν</em></strong></span> <span class='ocrx_word' id='word_1_180' title='bbox 783 2927 852 2979; x_wconf 81' lang='grc' dir='ltr'><strong>σας.</strong></span> <span class='ocrx_word' id='word_1_181' title='bbox 897 2875 1013 2973; x_wconf 47' lang='lat' dir='ltr'>lrl‘lris</span> <span class='ocrx_word' id='word_1_182' title='bbox 1028 2911 1132 2974; x_wconf 89' lang='lat' dir='ltr'>verbis</span> <span class='ocrx_word' id='word_1_183' title='bbox 1147 2930 1209 2979; x_wconf 82' lang='grc' dir='ltr'>σας</span> 
     </span>
    </p>
   </div>
   <div class='ocr_carea' id='block_1_5' title="bbox 106 3032 1212 4340">
    <p class='ocr_par' dir='ltr' id='par_1_6' title="bbox 106 3032 1209 3366">
     <span class='ocr_line' id='line_1_23' title="bbox 106 3032 1208 3124; baseline -0.004 -24"><span class='ocrx_word' id='word_1_184' title='bbox 106 3039 234 3124; x_wconf 84' lang='lat' dir='ltr'>proprie</span> <span class='ocrx_word' id='word_1_185' title='bbox 263 3035 461 3099; x_wconf 82' lang='lat' dir='ltr'>accusativus</span> <span class='ocrx_word' id='word_1_186' title='bbox 489 3032 627 3116; x_wconf 84' lang='lat' dir='ltr'>pluralis</span> <span class='ocrx_word' id='word_1_187' title='bbox 656 3043 706 3096; x_wconf 90' lang='lat' dir='ltr'>est</span> <span class='ocrx_word' id='word_1_188' title='bbox 732 3034 935 3117; x_wconf 87' lang='lat' dir='ltr'>pronominis</span> <span class='ocrx_word' id='word_1_189' title='bbox 958 3033 1138 3117; x_wconf 87' lang='lat' dir='ltr'>personalis</span> <span class='ocrx_word' id='word_1_190' title='bbox 1160 3053 1208 3096; x_wconf 88' lang='lat' dir='ltr'>se-</span> 
     </span>
     <span class='ocr_line' id='line_1_24' title="bbox 107 3147 1209 3242; baseline -0.011 -18"><span class='ocrx_word' id='word_1_191' title='bbox 107 3160 229 3224; x_wconf 89' lang='lat' dir='ltr'>cundae</span> <span class='ocrx_word' id='word_1_192' title='bbox 252 3175 410 3242; x_wconf 87' lang='lat' dir='ltr'>personae</span> <span class='ocrx_word' id='word_1_193' title='bbox 432 3172 491 3240; x_wconf 91' lang='lat' dir='ltr'>pro</span> <span class='ocrx_word' id='word_1_194' title='bbox 517 3155 650 3234; x_wconf 88' lang='lat' dir='ltr'>antiquo</span> <span class='ocrx_word' id='word_1_195' title='bbox 674 3147 767 3232; x_wconf 77' lang='grc' dir='ltr'><strong>ὑμᾶς.</strong></span> <span class='ocrx_word' id='word_1_196' title='bbox 813 3153 937 3217; x_wconf 88' lang='lat' dir='ltr'>Verum</span> <span class='ocrx_word' id='word_1_197' title='bbox 966 3155 1069 3217; x_wconf 79' lang='lat' dir='ltr'>forma</span> <span class='ocrx_word' id='word_1_198' title='bbox 1096 3153 1155 3216; x_wconf 85' lang='lat' dir='ltr'>illa</span> <span class='ocrx_word' id='word_1_199' title='bbox 1176 3166 1209 3216; x_wconf 85' lang='lat' dir='ltr'>et</span> 
     </span>
     <span class='ocr_line' id='line_1_25' title="bbox 108 3277 600 3366; baseline -0.012 -22"><span class='ocrx_word' id='word_1_200' title='bbox 108 3279 322 3366; x_wconf 85' lang='lat' dir='ltr'>possessivum</span> <span class='ocrx_word' id='word_1_201' title='bbox 344 3277 440 3366; x_wconf 78' lang='lat' dir='ltr'>habet</span> <span class='ocrx_word' id='word_1_202' title='bbox 462 3295 600 3340; x_wconf 75' lang='lat' dir='ltr'>seruum.</span> 
     </span>
    </p>

    <p class='ocr_par' dir='ltr' id='par_1_7' title="bbox 107 3389 1212 4340">
     <span class='ocr_line' id='line_1_26' title="bbox 237 3389 1209 3485; baseline -0.011 -21"><span class='ocrx_word' id='word_1_203' title='bbox 237 3399 279 3464; x_wconf 90' lang='lat' dir='ltr'>V.</span> <span class='ocrx_word' id='word_1_204' title='bbox 301 3399 331 3466; x_wconf 80' lang='lat'>8.</span> <span class='ocrx_word' id='word_1_205' title='bbox 376 3391 463 3462; x_wconf 82' lang='grc' dir='ltr'>καλοὶ</span> <span class='ocrx_word' id='word_1_206' title='bbox 484 3420 543 3485; x_wconf 89' lang='lat' dir='ltr'>pro</span> <span class='ocrx_word' id='word_1_207' title='bbox 566 3397 677 3469; x_wconf 79' lang='grc' dir='ltr'><strong>καλῶς.</strong></span> <span class='ocrx_word' id='word_1_208' title='bbox 714 3399 761 3466; x_wconf 83' lang='lat' dir='ltr'>ct.</span> <span class='ocrx_word' id='word_1_209' title='bbox 785 3421 810 3463; x_wconf 91' lang='lat' dir='ltr'>v.</span> <span class='ocrx_word' id='word_1_210' title='bbox 835 3398 865 3464; x_wconf 87' lang='grc'>6.</span> <span class='ocrx_word' id='word_1_211' title='bbox 889 3399 1019 3483; x_wconf 85' lang='lat' dir='ltr'>dialogi.</span> <span class='ocrx_word' id='word_1_212' title='bbox 1037 3389 1209 3459; x_wconf 59' lang='grc' dir='ltr'>-νῖἀνοί,</span> 
     </span>
     <span class='ocr_line' id='line_1_27' title="bbox 107 3510 1207 3608; baseline -0.016 -17"><span class='ocrx_word' id='word_1_213' title='bbox 107 3531 171 3604; x_wconf 60' lang='lat' dir='ltr'>iera</span> <span class='ocrx_word' id='word_1_214' title='bbox 197 3519 220 3583; x_wconf 59' lang='grc' dir='ltr'>τ’</span> <span class='ocrx_word' id='word_1_215' title='bbox 245 3514 341 3584; x_wconf 63' lang='lat' dir='ltr'>adorei</span> <span class='ocrx_word' id='word_1_216' title='bbox 362 3543 423 3594; x_wconf 78' lang='grc' dir='ltr'>σας</span> <span class='ocrx_word' id='word_1_217' title='bbox 438 3526 535 3588; x_wconf 90' lang='lat' dir='ltr'>metri</span> <span class='ocrx_word' id='word_1_218' title='bbox 553 3543 650 3588; x_wconf 88' lang='lat' dir='ltr'>causa</span> <span class='ocrx_word' id='word_1_219' title='bbox 666 3543 722 3608; x_wconf 88' lang='lat' dir='ltr'>pro</span> <span class='ocrx_word' id='word_1_220' title='bbox 745 3513 788 3582; x_wconf 76' lang='lat' dir='ltr'>ool</span> <span class='ocrx_word' id='word_1_221' title='bbox 809 3510 951 3596; x_wconf 63' lang='grc' dir='ltr'><strong><em>ἀνοίξετέ</em></strong></span> <span class='ocrx_word' id='word_1_222' title='bbox 967 3513 1008 3580; x_wconf 63' lang='grc' dir='ltr'>τὰ</span> <span class='ocrx_word' id='word_1_223' title='bbox 1029 3510 1126 3576; x_wconf 50' lang='lat' dir='ltr'>osuio</span> <span class='ocrx_word' id='word_1_224' title='bbox 1140 3536 1207 3584; x_wconf 80' lang='grc' dir='ltr'>σας,</span> 
     </span>
     <span class='ocr_line' id='line_1_28' title="bbox 108 3608 1211 3731; baseline -0.014 -20"><span class='ocrx_word' id='word_1_225' title='bbox 108 3649 294 3731; x_wconf 83' lang='lat' dir='ltr'>Originatio</span> <span class='ocrx_word' id='word_1_226' title='bbox 307 3608 459 3710; x_wconf 64' lang='lat' dir='ltr'>nominis</span> <span class='ocrx_word' id='word_1_227' title='bbox 481 3637 599 3720; x_wconf 70' lang='grc' dir='ltr'><strong>αὐτέων,</strong></span> <span class='ocrx_word' id='word_1_228' title='bbox 622 3645 658 3708; x_wconf 90' lang='lat' dir='ltr'>in</span> <span class='ocrx_word' id='word_1_229' title='bbox 681 3663 743 3725; x_wconf 90' lang='lat' dir='ltr'>qua</span> <span class='ocrx_word' id='word_1_230' title='bbox 765 3642 957 3728; x_wconf 88' lang='lat' dir='ltr'>explicanda</span> <span class='ocrx_word' id='word_1_231' title='bbox 973 3640 1054 3702; x_wconf 84' lang='lat' dir='ltr'>mire</span> <span class='ocrx_word' id='word_1_232' title='bbox 1069 3634 1211 3699; x_wconf 88' lang='lat' dir='ltr'>adhunc</span> 
     </span>
     <span class='ocr_line' id='line_1_29' title="bbox 109 3757 1210 3852; baseline -0.009 -20"><span class='ocrx_word' id='word_1_233' title='bbox 109 3770 216 3832; x_wconf 90' lang='lat' dir='ltr'>locum</span> <span class='ocrx_word' id='word_1_234' title='bbox 239 3769 527 3852; x_wconf 83' lang='lat' dir='ltr'>lalliturllgenius‚</span> <span class='ocrx_word' id='word_1_235' title='bbox 550 3766 641 3832; x_wconf 85' lang='lat' dir='ltr'>nulla</span> <span class='ocrx_word' id='word_1_236' title='bbox 663 3765 851 3828; x_wconf 85' lang='lat' dir='ltr'>difficultate</span> <span class='ocrx_word' id='word_1_237' title='bbox 868 3761 1024 3846; x_wconf 89' lang='lat' dir='ltr'>impedita</span> <span class='ocrx_word' id='word_1_238' title='bbox 1040 3767 1096 3820; x_wconf 85' lang='lat' dir='ltr'>est.</span> <span class='ocrx_word' id='word_1_239' title='bbox 1118 3757 1210 3822; x_wconf 84' lang='lat' dir='ltr'>Post-</span> 
     </span>
     <span class='ocr_line' id='line_1_30' title="bbox 111 3868 1209 3984; baseline -0.009 -32"><span class='ocrx_word' id='word_1_240' title='bbox 111 3909 206 3973; x_wconf 87' lang='lat' dir='ltr'>quam</span> <span class='ocrx_word' id='word_1_241' title='bbox 234 3899 356 3952; x_wconf 88' lang='lat' dir='ltr'>veteres</span> <span class='ocrx_word' id='word_1_242' title='bbox 383 3881 479 3954; x_wconf 76' lang='grc' dir='ltr'><em>ὠτίον,</em></span> <span class='ocrx_word' id='word_1_243' title='bbox 499 3889 728 3953; x_wconf 84' lang='lat' dir='ltr'>deminutivum</span> <span class='ocrx_word' id='word_1_244' title='bbox 754 3888 794 3950; x_wconf 88' lang='lat' dir='ltr'>ab</span> <span class='ocrx_word' id='word_1_245' title='bbox 824 3869 895 3958; x_wconf 73' lang='grc' dir='ltr'>οὖς,</span> <span class='ocrx_word' id='word_1_246' title='bbox 920 3868 998 3949; x_wconf 59' lang='lat' dir='ltr'>&#39;vittis</span> <span class='ocrx_word' id='word_1_247' title='bbox 1020 3881 1209 3984; x_wconf 77' lang='lat' dir='ltr'>formarunt,</span> 
     </span>
     <span class='ocr_line' id='line_1_31' title="bbox 112 4003 1210 4094; baseline -0.01 -17"><span class='ocrx_word' id='word_1_248' title='bbox 112 4011 291 4078; x_wconf 86' lang='lat' dir='ltr'>mutatione</span> <span class='ocrx_word' id='word_1_249' title='bbox 315 4010 450 4088; x_wconf 89' lang='lat' dir='ltr'>quadam</span> <span class='ocrx_word' id='word_1_250' title='bbox 471 4013 552 4094; x_wconf 87' lang='lat' dir='ltr'>ipsis</span> <span class='ocrx_word' id='word_1_251' title='bbox 574 4012 675 4072; x_wconf 90' lang='lat' dir='ltr'>etiam</span> <span class='ocrx_word' id='word_1_252' title='bbox 696 4008 836 4089; x_wconf 87' lang='lat' dir='ltr'>antiquis</span> <span class='ocrx_word' id='word_1_253' title='bbox 855 4003 987 4068; x_wconf 87' lang='lat' dir='ltr'>Graecis</span> <span class='ocrx_word' id='word_1_254' title='bbox 1010 4025 1075 4068; x_wconf 89' lang='lat' dir='ltr'>non</span> <span class='ocrx_word' id='word_1_255' title='bbox 1097 4007 1210 4089; x_wconf 85' lang='lat' dir='ltr'>ignota</span> 
     </span>
     <span class='ocr_line' id='line_1_32' title="bbox 112 4104 1211 4216; baseline -0.007 -22"><span class='ocrx_word' id='word_1_256' title='bbox 112 4126 202 4214; x_wconf 76' lang='grc' dir='ltr'><em>ᾧτίον</em></span> <span class='ocrx_word' id='word_1_257' title='bbox 224 4132 356 4196; x_wconf 88' lang='lat' dir='ltr'>transiit</span> <span class='ocrx_word' id='word_1_258' title='bbox 378 4132 413 4193; x_wconf 89' lang='lat' dir='ltr'>in</span> <span class='ocrx_word' id='word_1_259' title='bbox 436 4123 543 4192; x_wconf 69' lang='grc' dir='ltr'>αὐνίου</span> <span class='ocrx_word' id='word_1_260' title='bbox 564 4104 649 4216; x_wconf 84' lang='lat' dir='ltr'>apud</span> <span class='ocrx_word' id='word_1_261' title='bbox 668 4129 871 4216; x_wconf 85' lang='lat' dir='ltr'>posteriores.</span> <span class='ocrx_word' id='word_1_262' title='bbox 902 4127 1038 4193; x_wconf 85' lang='lat' dir='ltr'>Constat</span> <span class='ocrx_word' id='word_1_263' title='bbox 1059 4129 1211 4192; x_wconf 89' lang='lat' dir='ltr'>nimirum</span> 
     </span>
     <span class='ocr_line' id='line_1_33' title="bbox 115 4249 1212 4340; baseline -0.015 -19"><span class='ocrx_word' id='word_1_264' title='bbox 115 4258 196 4338; x_wconf 87' lang='lat' dir='ltr'>quod</span> <span class='ocrx_word' id='word_1_265' title='bbox 225 4259 263 4322; x_wconf 88' lang='lat' dir='ltr'>ab</span> <span class='ocrx_word' id='word_1_266' title='bbox 292 4255 413 4321; x_wconf 83' lang='lat' dir='ltr'>Atticis</span> <span class='ocrx_word' id='word_1_267' title='bbox 442 4251 662 4340; x_wconf 86' lang='lat' dir='ltr'>appellabatur</span> <span class='ocrx_word' id='word_1_268' title='bbox 695 4249 810 4331; x_wconf 58' lang='lat' dir='ltr'>&amp;adpo</span> <span class='ocrx_word' id='word_1_269' title='bbox 846 4252 929 4338; x_wconf 79' lang='lat' dir='ltr'>apud</span> <span class='ocrx_word' id='word_1_270' title='bbox 956 4251 1052 4314; x_wconf 88' lang='lat' dir='ltr'>lones</span> <span class='ocrx_word' id='word_1_271' title='bbox 1080 4266 1212 4310; x_wconf 87' lang='lat' dir='ltr'>sonasse</span> 
     </span>
    </p>
   </div>
   <div class='ocr_carea' id='block_1_6' title="bbox 0 0 1443 4874">
    <p class='ocr_par' dir='ltr' id='par_1_8' title="bbox 0 0 1443 4874">
     <span class='ocr_line' id='line_1_34' title="bbox 0 0 1443 4874; baseline 0 0"><span class='ocrx_word' id='word_1_272' title='bbox 0 0 1443 4874; x_wconf 95' lang='lat' dir='ltr'> </span> 
     </span>
    </p>
   </div>
  </div>
 </body>
</html>
