2908 4914
226 358 302 409 XXX

224 523 439 604 testimoniis
452 519 598 596 eruisse.
649 517 789 594 Omnes
807 516 973 592 nimirum
992 516 1027 590 iu
1043 515 1113 590 hoc
1129 532 1334 618 peccarunt,

226 658 324 761 quod
347 682 414 757 per
437 664 549 730 totam
572 649 711 726 Italiam
736 675 843 724 unam
875 649 1096 749 eandemque
1126 654 1334 750 pronuntia-

223 792 358 866 tionem
383 787 610 886 antiquorum
635 807 726 857 aevo
749 782 860 857 fuisse
884 791 1065 882 putarunt.
1112 781 1189 880 Sed
1214 795 1254 860 ut
1269 786 1333 862 bo-

225 923 282 998 die
308 921 410 996 aliter
439 916 578 1006 Veneti,
603 914 705 988 aliter
729 913 937 1004 Florentini,
962 913 1064 987 aliter
1085 912 1250 1008 Romani,
1273 919 1332 994 ali·

223 1063 281 1128 ter
304 1047 532 1152 Neapolitani
557 1045 703 1123 eosdem
728 1071 838 1122 sonos
864 1045 1065 1137 enuntiant,
1096 1046 1147 1121 ita
1171 1074 1243 1122 non
1267 1054 1331 1125 mi-

223 1210 348 1259 norem
380 1179 641 1258 dissensionem
665 1189 828 1256 veterum
858 1188 974 1254 aetate
1005 1178 1118 1254 luisse
1147 1182 1328 1280 probabile

224 1325 289 1390 est
339 1313 440 1390 Nihil
473 1312 545 1388 tale
582 1312 676 1414 apud
712 1312 882 1388 Graecos.
935 1311 1081 1414 Etenim
1116 1337 1180 1412 per
1214 1321 1330 1389 totam

225 1447 411 1524 Graeciam
437 1473 508 1520 una
533 1446 761 1545 omniumque
786 1445 984 1520 communis
1006 1444 1248 1544 pronuntiatio
1269 1475 1352 1548 pa<

222 1589 293 1668 tet,
320 1605 534 1678 quamquam
562 1578 681 1657 variae
712 1590 798 1654 sunt
825 1575 969 1650 dialecti
999 1600 1072 1650 nou
1101 1572 1219 1652 minus
1253 1581 1330 1678 qui·
1435 1635 1436 1646 ,

221 1709 373 1784 busdam
396 1708 435 1782 in
459 1709 567 1782 rebus
593 1707 769 1796 diversae,
795 1733 901 1807 quam
926 1708 1151 1808 antiquorum
1178 1707 1328 1788 dialecti.

221 1838 326 1918 Alter
351 1865 451 1916 error
476 1848 542 1929 est,
569 1838 677 1940 quod,
704 1840 871 1941 quoniam
894 1839 1050 1915 Romani
1078 1839 1186 1922 variis
1211 1843 1325 1924 modis

222 1973 442 2048 Graecorum
468 1998 577 2048 sonos
604 1999 669 2051 sua
692 1972 810 2075 lingua
827 1973 1038 2073 exprimunt,
1055 1971 1101 2046 ad
1118 1973 1326 2052 stabilienda

220 2102 474 2206 pronuntiandi
498 2113 688 2203 praecepta
712 2104 984 2178 usitatissimum
1009 2129 1134 2204 graeca
1157 2107 1320 2185 vocabula

218 2231 393 2311 reddendi
417 2231 563 2306 modum
588 2233 810 2333 sequendum
837 2261 919 2310 esse
942 2235 1010 2312 viri
1035 2233 1134 2320 docti
1151 2219 1319 2316 dixerunt.
1435 2285 1436 2310 2

219 2366 272 2443 At
289 2365 444 2442 Romani
460 2365 595 2467 pariter
618 2376 727 2468 atque
753 2367 884 2443 Graeci
900 2393 1008 2446 voces
1026 2370 1232 2471 peregrinas
1251 2365 1326 2446 mu-

218 2500 310 2576 tuati
334 2497 441 2574 modo
466 2496 504 2574 id
529 2497 731 2595 studebant,
755 2510 811 2594 ut,
830 2523 937 2606 quem
954 2501 1173 2618 audiverant,
1186 2529 1326 2590 ,sonum

216 2632 421 2724 redderent,
446 2635 553 2710 modo
578 2645 619 2708 ut
643 2663 768 2712 vocem
793 2647 900 2734 prout
923 2636 1064 2732 linguae
1089 2663 1175 2710 suae
1200 2647 1327 2714 natura

217 2765 371 2853 serebat,
410 2764 553 2863 paulum
595 2772 731 2838 mutato
779 2787 870 2842 sono
913 2760 1089 2831 efferrent.
1169 2761 1324 2858 Saepius

168 2960 173 2968 .
215 2922 303 2975 vero
316 2896 542 2996 peregrinum
559 2913 687 2965 sonum
707 2889 876 2977 vitabant,
902 2911 1007 2993 quam
1026 2885 1262 2980 imitabantur,
1279 2918 1323 2968 ac

216 3052 303 3102 suae
328 3025 468 3126 linguae
492 3020 700 3126 peregrinae
724 3020 842 3123 gentis
866 3045 974 3100 voces
998 3022 1322 3100 accommodabant

213 3156 304 3234 Inde
329 3159 379 3244 srt,
402 3165 444 3228 ut
469 3151 709 3267 usitatissimax
724 3179 871 3256 graecos
897 3182 1007 3237 sonos
1021 3157 1132 3234 latine
1148 3157 1322 3236 reddendi

214 3285 316 3374 ratio,
342 3308 414 3383 quo
438 3283 550 3384 magis
569 3283 679 3359 latina
696 3297 761 3378 est,
781 3287 957 3362 eominus
975 3311 1040 3388 pro
1057 3315 1181 3362 norma
1201 3292 1321 3388 graec-i

213 3413 464 3522 pronuntiatus
489 3414 613 3491 haberi
638 3429 756 3518 queat.
814 3418 899 3493 Duo
932 3417 1091 3518 exempla
1122 3441 1320 3520 proponam

214 3551 469 3628 elementorum
492 3555 522 3652 β
547 3559 583 3625 et
607 3582 642 3652 η.
698 3551 862 3652 Quorum
895 3549 983 3627 illud
1013 3577 1137 3652 saepe,
1167 3559 1208 3625 ut
1237 3575 1320 3651 pro-

212 3683 369 3762 nuntiari
393 3681 509 3774 debet,
533 3681 651 3759 littera
675 3712 699 3762 v
730 3684 947 3786 exprimitur,
971 3681 1070 3760 velut
1099 3682 1138 3756 in
1167 3685 1260 3765 oiva'
1281 3693 1319 3760 et

212 3821 408 3916 uitasquae
433 3826 581 3920 cognata
607 3825 693 3892 sunt
718 3844 798 3892 cum
824 3817 960 3916 graecis
985 3815 1167 3900 vocabulis
1184 3815 1265 3916 βίος
1281 3826 1319 3891 et

212 3947 315 4050 βιὸω.
370 3947 432 4021 Sic
459 3975 603 4049 quoque
626 3949 749 4024 Latini
771 3975 859 4024 ooro
885 3948 1009 4024 dicunt
1034 3951 1196 4035 etanta,
1229 3973 1318 4048 quo·
1435 3939 1436 3944 ἵ

210 4105 290 4157 rum
314 4078 414 4179 prius
438 4079 588 4155 verbum
612 4092 652 4157 ut
677 4108 777 4173 sono,
802 4083 853 4158 ita
878 4091 915 4155 et
939 4080 1138 4183 significatu
1162 4079 1318 4158 concinit

213 4239 293 4288 cum
318 4209 454 4314 graecis
478 4209 608 4310 βορός,
636 4212 752 4314 βορά,
783 4213 1001 4316 βιβρώσκω,
1027 4212 1208 4313 posterius
1234 4235 1315 4284 cum

207 4342 408 4444 βούλομαι
432 4342 509 4424 sire
532 4340 710 4444 βόλομαι.
759 4345 902 4450 Quodsi
925 4353 955 4447 β
977 4343 1086 4448 vulgo
1110 4343 1316 4422 enuntiatur
