2908 4914
1136 249 1224 298 xxm

112 415 404 517 corruptissimus
435 414 494 488 ille
519 411 739 511 Hesychius,
771 411 830 487 lric
862 423 979 488 auteur
1012 417 1217 515 superstitis

110 547 232 649 populi
250 573 370 623 sermo
390 571 498 621 sanus
516 554 624 642 atque
641 543 779 645 integer
795 545 851 620 sit
892 543 1029 621 Verum
1047 549 1214 646 quoniam

107 678 282 780 Hesychii
306 678 525 752 mentionem
548 675 632 766 leci,
659 675 774 750 obiter
798 675 928 766 dicam,
959 675 1045 751 illud
1070 678 1214 778 planum

107 821 219 910 atque
238 807 386 884 evidens
405 833 495 897 esso,
520 807 615 880 hunc
632 805 924 908 lexicographum
943 811 1122 886 emendari
1139 839 1213 886 non

107 965 220 1042 posse
244 939 315 1014 nisi
332 965 352 1012 a
369 939 445 1016 viro
462 937 647 1040 popularis
659 937 801 1041 linguae
820 964 968 1040 graecae
985 941 1212 1038 peritissimo.

107 1072 201 1146 Nom
224 1069 456 1169 malensque
481 1069 596 1146 adhuc
621 1070 740 1146 editus
767 1080 824 1146 est
846 1049 1062 1168 Hesyclrius.
1100 1071 1213 1172 Cujus

105 1203 263 1277 editores
290 1225 384 1301 quae
406 1228 480 1275 non
504 1202 772 1292 intellexerunt,
799 1229 840 1277 ea
865 1203 1083 1302 conjecturis.
1108 1231 1213 1282 vexa·

105 1344 201 1422 runt,
225 1334 361 1407 incerta
385 1334 455 1408 rati
481 1361 573 1432 quae
597 1335 797 1412 certissima
822 1322 919 1410 sunt.
967 1332 1024 1410 Cf.
1056 1361 1148 1436 quae
1173 1338 1211 1412 in

106 1443 310 1540 comment..
334 1463 379 1536 aa
403 1463 574 1564 Pamphi.
598 1494 632 1542 v.
656 1469 728 1539 am
755 1466 839 1540 uxr.

200 1594 1210 1696 Quantumporrolucishirrcaccederoqueatsingularunr
1289 1653 1295 1664 ,

103 1755 233 1808 vocum
244 1717 607 1830 origin·atiouirelillis
615 1727 842 1828 antiquorum
850 1725 1210 1827 auctorumlocisqui

103 1859 548 1936 nullalectionisvarietate
561 1860 899 1934 ecudicihusnotata
908 1860 1052 1934 obscuri
1060 1868 1210 1958 etcaptu

107 1989 269 2062 difficiles
294 1987 508 2084 judicantur,
529 1988 677 2088 longum
700 1999 759 2061 est
783 1987 912 2061 dicere.
967 1987 1111 2062 Vocum
1143 1989 1211 2064 ori·

105 2121 207 2220 gines
232 2117 441 2218 perquirere
465 2117 613 2192 arduum
644 2128 682 2193 et
706 2117 868 2208 difficile,
896 2117 941 2193 iis
972 2128 1091 2195 autem
1122 2118 1211 2196 dilli-

103 2251 271 2328 cillimum
297 2259 363 2340 est,
390 2249 453 2352 qui
475 2250 563 2328 falsa
586 2252 876 2353 pronuntiatione
901 2261 1059 2328 utuntur.
1086 2250 1210 2352 Quare

102 2411 176 2462 non
199 2384 339 2474 mirum,
362 2408 408 2456 ue
432 2382 645 2460 Passovium
671 2383 833 2484 quidem,
856 2383 973 2461 virum
997 2383 1131 2484 alioqui
1155 2410 1210 2460 sa-

105 2543 227 2620 gacem
245 2526 283 2589 et
300 2515 527 2614 ingeniosum
544 2514 738 2588 multorum
752 2517 943 2592 verborum
962 2515 1210 2616 etymologiam

104 2671 300 2744 veramque
317 2643 490 2714 rationem
508 2643 749 2738 perspexisse.
784 2642 962 2738 Exemplo
979 2643 1053 2713 siut
1068 2645 1212 2720 nomina

5 2831 6 2850 .
106 2773 202 2862 οἶκος
227 2781 264 2846 et
288 2766 403 2868 οἶμος.
452 2769 496 2844 In
511 2770 782 2846 veterrimorum
800 2769 1013 2871 populorum
1030 2769 1212 2864 Indorum,

103 2908 295 2982 Persarum
325 2914 433 3002 atque
463 2902 708 2979 Hebraeorum
739 2903 870 3004 linguis
906 2902 1034 2978 domus
1062 2914 1212 2981 vocatur

103 3041 149 3115 iis
172 3013 392 3125 nominibus?
412 3061 504 3133 quae
529 3035 646 3112 locum
665 3035 808 3135 proprie
827 3034 1025 3136 designant,
1047 3036 1085 3110 in
1104 3063 1212 3137 quem
1235 3133 1238 3140 ¹

104 3172 269 3248 venimus
292 3166 351 3243 vel
375 3165 558 3241 intramus.
615 3165 751 3241 Eadem
776 3176 939 3266 potestas
966 3169 1083 3268 graeci
1107 3195 1210 3245 voca-

104 3301 180 3375 buli
205 3295 301 3388 οἷκος
326 3308 394 3372 est.
442 3297 553 3399 Quod
572 3299 606 3374 si
627 3309 726 3373 recte
744 3299 954 3399 pronuntias
971 3301 1060 3388 icor,
1083 3327 1208 3403 cogna-

105 3443 181 3508 tum
206 3415 273 3505 tibi
297 3431 440 3510 videtur
464 3455 545 3504 cum
569 3427 648 3532 ἥκω
675 3433 784 3526 (ico)
807 3441 844 3506 et
868 3432 1048 3530 ixve'quor.
1080 3432 1211 3532 Neque

104 3589 232 3663 magno
257 3563 378 3636 labore
404 3588 497 3661 opus
522 3571 579 3636 est
603 3561 913 3640 adinveniendum
936 3562 1081 3638 alterius
1100 3563 1213 3634 nomi-

105 3697 162 3773 nis
189 3695 448 3797 etymologiam,
473 3692 580 3766 modo
606 3693 824 3769 Graecorum
850 3720 966 3783 more,
991 3719 1065 3766 non
1091 3717 1213 3791 quem·
1325 3697 1326 3702 ’

105 3813 296 3902 admodum
319 3827 493 3901 Erasmus
518 3826 767 3927 praecipiebat,
793 3824 1052 3925 pronuntietur.
1100 3823 1213 3926 Igitur

108 3954 214 4056 οἶμος
241 3958 374 4053 (imos)
398 3960 462 4030 oia
487 3967 616 4058 sponte
642 3957 719 4032 ssuit
744 3958 788 4030 ab
806 3951 898 4053 εἶμι
917 3955 1026 4054 (imi)
1046 3981 1099 4030 eo.
1127 3956 1213 4055 Quo

109 4088 197 4190 quid
223 4086 335 4187 magis
356 4073 641 4164 vconsentaneum
666 4113 749 4162 esse
773 4087 916 4188 potest?
963 4088 1044 4162 Jam
1070 4089 1102 4162 si
1126 4087 1214 4160 anti-

110 4219 390 4322 quorum-locos
415 4243 534 4292 rerum
565 4220 826 4322 verborumque
858 4219 1075 4296 obscuritate
1105 4219 1215 4322 impe·
