2908 4914
216 298 224 315 ·
270 283 330 336 tvl

271 463 376 546 reret,
399 454 459 530 vix
483 459 616 527 metuo,
662 448 789 524 Liceat
802 447 926 524 hocin
943 447 1019 526 aliis
1038 447 1177 549 linguis,
1193 449 1232 524 in
1249 475 1382 552 graeca

270 584 473 674 nonlicet,
504 585 605 683 cujus
635 601 765 672 vocum
794 579 1042 681 plerarumque
1071 580 1381 680 scripbua.'certa
1430 603 1431 608 ’

272 728 330 792 est
354 727 391 790 et
414 713 651 788 immutabilis.
702 712 846 814 Quodsi
861 710 951 788 Zeni
976 719 1091 786 aetate
1116 711 1290 810 quaedam
1315 743 1380 793 vo-
1422 761 1427 790 .

155 941 159 951 ι
272 874 333 923 ces
357 846 588 934 recentiores,
613 871 761 945 quarum
786 840 999 943 etymologia
1020 840 1180 918 nondum
1195 843 1379 924 intellecta

272 991 357 1070 erat,
381 979 473 1052 male
497 975 756 1066 scribebantur,
788 974 876 1049 mihi
898 984 1019 1050 tamen
1049 983 1168 1048 certus
1200 986 1238 1049 et
1268 1003 1376 1056 verus
1429 929 1431 1038 l

270 1121 474 1186 nostrorum
505 1117 706 1208 temporum
737 1105 916 1182 scribendi
946 1104 1074 1180 modus
1105 1104 1240 1206 ubique
1272 1135 1376 1210 repo-

269 1242 410 1316 nendus
435 1265 517 1316 esse
542 1238 641 1315 visus
667 1248 732 1314 est
778 1237 962 1339 Quocirca
988 1263 1034 1312 ne
1052 1235 1205 1314 Coraem
1230 1239 1375 1338 quidem

269 1373 390 1463 laudo,
412 1373 474 1472 qui
498 1373 537 1445 in
560 1368 881 1471 Ptocboprodrorni
898 1367 1267 1461 editionevocabula,
1282 1400 1374 1474 quae
1430 1379 1431 1418 ³

271 1507 310 1580 in
350 1503 545 1578 codicibus
576 1500 675 1610 male
713 1481 846 1600 scripta
885 1500 1087 1590 invenerat,
1116 1509 1258 1585 retenta
1286 1503 1374 1588 ¹salsa

269 1633 451 1710 scribendi
480 1631 635 1721 ratione,
671 1629 905 1728 imprimenda
934 1627 1081 1704 curavit.
1129 1629 1225 1708 Sunt
1253 1643 1373 1710 tamen
1430 1707 1431 1710 ,

268 1759 462 1862 inquibus
487 1788 509 1835 a
532 1786 590 1836 me
615 1759 674 1834 alii
698 1760 890 1836 dissentire
906 1759 1059 1862 possint
1107 1759 1166 1840 De
1184 1757 1241 1843 bis
1259 1769 1373 1852 omni.

268 1899 337 1972 bus
362 1895 400 1968 in
424 1892 690 1969 Commentario
714 1891 1029 1968 mentionemlcci
1053 1890 1280 1995 rationesque
1312 1925 1371 1974 ex-

268 2027 374 2127 posui
399 2053 491 2124 quae
514 2025 704 2124 lectionem
730 2053 750 2130 a
781 2025 908 2132 mein
937 2031 1074 2108 textum
1104 2037 1281 2125 receptam
1312 2031 1370 2104 fir-

266 2166 413 2232 merent
462 2153 537 2228 Sed
560 2163 603 2226 ut
625 2127 982 2260 liquidolcenstaret,
1008 2129 1123 2256 qualis
1139 2151 1363 2255 superiorum

267 2286 443 2362 editorum
466 2289 587 2360 teritus
612 2284 750 2374 luisset,
771 2294 883 2360 totam
907 2265 1078 2365 lectionis
1095 2264 1297 2372 varietatem
1325 2288 1363 2362 in
1430 2319 1431 2406 p

266 2417 552 2532 adnotationibus
579 2416 711 2492 criticis
736 2417 943 2508 memoravi,
969 2421 1261 2532 e0⁴potissimum
1286 2445 1368 2502 con·¹

266 2552 358 2645 silio,
381 2562 426 2629 ut
446 2550 504 2632 vel
529 2576 574 2627 ex
597 2577 669 2627 uno
695 2549 815 2648 Crusii
840 2549 963 2630 codice
986 2561 1135 2652 pateret,
1163 2565 1297 2653 quanta
1321 2552 1369 2628 sit
1429 2573 1430 2604 ¹

265 2708 522 2781 nonnunquam
553 2683 591 2752 in
614 2684 834 2756 membranis·
861 2681 1079 2777 singulorum
1113 2683 1372 2765 elementorum

265 2835 506 2906 sonorumque
541 2808 711 2878 conlusio.
784 2806 902 2900 Quam
942 2811 1091 2890 tantam,
1129 2821 1263 2901 quanta
1302 2825 1376 2906 est,

262 2942 365 3018 multi
388 2963 462 3011 non
486 2931 709 3032 suspicantes
735 2953 817 3006 curn
841 2928 1017 3010 anxietate
1034 2932 1186 3030 quadam
1201 2936 1377 3040 vulgatae

262 3067 409 3148 lectioni
439 3067 476 3141 in
507 3071 667 3141 veterum
698 3061 797 3142 libris
824 3061 1093 3152 adhaerescunt
1149 3066 1374 3170 Interpreta.

262 3204 314 3280 tio
339 3199 462 3285 latina,
488 3192 654 3292 qua'hoc
678 3219 820 3268 carmen
843 3195 1012 3286 instruxi,
1032 3199 1167 3299 partim
1190 3200 1372 3290 Crusiana

263 3339 329 3420 est,
353 3325 594 3428 partim'mea.
642 3321 734 3397 Eam
759 3326 902 3404 scilicet
917 3326 1187 3412 ,translationem
1201 3357 1231 3413 ‚a
1254 3333 1371 3430 pluri.

259 3459 328 3534 mis
351 3455 546 3533 lectoribus
571 3475 613 3537 ex
642 3453 692 3530 eti
716 3455 881 3547 sciebam,
907 3481 999 3557 quae
1023 3458 1130 3533 verba
1156 3487 1282 3560 graeca
1307 3492 1369 3542 ac-

260 3601 381 3668 curate
395 3587 582 3678 redderet,
607 3483 747 3666 ddamsi
769 3587 858 3662 locis
885 3588 1096 3689 quibusdam
1113 3592 1237 3690 ‚rninus
1254 3593 1366 3672 latina

260 3735 374 3819 esset,
399 3749 506 3826 quam
529 3721 646 3796 laesae
670 3719 854 3795 latinitatis
886 3731 1007 3796 notam
1035 3721 1087 3796 illi
1115 3724 1176 3810 vix
1206 3723 1363 3824 effugere

258 3867 428 3956 possunt,
476 3853 539 3956 qui
557 3851 722 3929 ‘verbum
765 3877 786 3924 e
821 3851 931 3930 verbo
966 3853 1164 3953 exprimere
1202 3855 1361 3932 student.¹

259 3984 502 4086 Quamobrem
527 3983 646 4060 Crusii
670 3983 1008 4084 interpretationem,
1024 3985 1130 4060 fidam
1146 3988 1289 4086 ubique,
1306 3989 1359 4064 sic
1428 4021 1429 4036 ¹

257 4116 472 4216 interpolare
504 4114 622 4214 coepi,
646 4125 688 4188 nt
717 4117 869 4215 primunr
900 4141 963 4194 eos
989 4117 1087 4191 locos
1122 4117 1356 4207 emendarem,

257 4247 449 4348 inquibus
474 4244 662 4322 manifesto
688 4271 834 4332 sensum
858 4275 931 4326 non
946 4246 1201 4347 perspexisset,
1226 4247 1355 4326 deinde
