2908 4914
302 1273 1012 1453 'Prolegomena
1145 1342 1152 1358 κ

570 1565 772 1582 ..ιο-ιιι.-
831 1558 835 1571 ’

261 1711 316 1792 Ea
339 1713 490 1816 contigit
508 1711 691 1788 homiuum
713 1712 845 1816 linguis
867 1713 1008 1791 indoles
1025 1737 1068 1788 ae
1083 1724 1219 1808 natura,

117 1858 158 1922 ut
183 1873 292 1947 quum
315 1845 404 1920 nihil
429 1844 503 1919 sint
525 1845 597 1920 nisi
619 1845 738 1923 variae
761 1845 910 1921 rationis
935 1847 1110 1921 humanae
1134 1848 1219 1921 ima-

120 1980 222 2077 gines
249 1987 356 2074 atque
380 1974 526 2062 formae,
549 1975 589 2046 in
612 1977 761 2048 maxima
786 1975 995 2053 diversitate
1012 1985 1220 2075 perpetuam

119 2107 297 2206 apuandam
321 2101 587 2179 similitudinem
613 2113 840 2182 conservent.
898 2087 1131 2208 Quapropter
1159 2131 1219 2185 ve·

115 2249 231 2312 terum
257 2237 468 2339 populorum
492 2235 640 2337 linguas,
654 2210 815 2337 'quarum
840 2239 1003 2314 notitiam
1029 2264 1049 2314 e
1074 2238 1218 2339 seriptis

11 2411 22 2502 l
114 2378 258 2452 tantum.
282 2371 521 2446 monumentis
552 2367 693 2444 haurire
723 2369 824 2460 lieet,
850 2371 1053 2480 quae'non
1084 2369 1218 2470 ubique

100 2500 264 2575 'facilem
277 2501 413 2578 habent
434 2501 664 2590 intellectum,
689 2499 756 2575 sed
779 2501 958 2575 interdum
981 2525 1101 2576 rernm
1125 2503 1217 2601 pari-

115 2641 175 2704 ter
199 2640 306 2727 atque
332 2632 524 2705 verborum
549 2629 767 2700 obscuritate
796 2629 978 2717 laborant,
1007 2655 1028 2702 e
1059 2629 1219 2726 diligenti
1260 2641 1264 2661 '

9 2769 14 2848 ζ
117 2758 262 2832 aliarum
287 2757 485 2858 linguarum
512 2755 785 2856 comparatione,
810 2757 843 2832 si
866 2781 940 2830 non
963 2757 1125 2858 penitus,
1149 2783 1221 2833 ma-

9 2979 12 2989 ,
114 2916 184 2990 gna
214 2900 333 2964 tamen
364 2915 409 2964 ex
443 2899 546 2988 parte
581 2888 719 2988 percipi
755 2913 865 2988 posse
895 2889 1123 2964 manifestum
1154 2900 1219 2966 est

9 3015 15 3080 l
115 3021 262 3122 Quippe
285 3022 323 3095 in
348 3021 445 3095 omni
469 3019 668 3120 linguarum
693 3019 813 3095 studio
837 3019 875 3096 id
892 3022 1048 3120 spectari
1066 3033 1218 3121 oportet,

114 3163 156 3227 nt
180 3152 448 3252 perspicnarum
467 3149 675 3252 cognitione
699 3175 817 3225 rerum
842 3151 953 3250 adiuti
977 3150 1023 3225 ad
1048 3177 1099 3242 ea,
1126 3177 1217 3254 quae

115 3284 222 3382 longa
271 3281 492 3356 saeculorum
542 3281 655 3357 series
695 3278 914 3374 obscuravit,
957 3283 1094 3360 facilius
1138 3283 1215 3358 illu-

6 3503 7 3521 ἢ
116 3412 264 3490 stranda
281 3414 435 3494 animum
461 3411 704 3516 appellamus..
741 3413 784 3488 ln
810 3441 882 3514 quo
906 3414 995 3490 nihil
1018 3415 1130 3515 magis
1154 3441 1216 3522 ne-

6 3542 11 3604 '2
114 3545 309 3620 cessarium
333 3545 490 3636 videtur,
523 3571 630 3646 quam
663 3546 865 3622 universam
895 3545 1036 3647 linguae
1068 3545 1215 3641 alicujus

114 3677 299 3752 historiam
323 3677 378 3752 sic
401 3677 610 3778 perquirere
642 3686 751 3778 atque
782 3678 998 3765 examinare,
1027 3687 1069 3750 nt
1100 3684 1215 3749 totum

5 3803 7 3815 ’
114 3807 202 3880 illud
225 3817 378 3908 tempus,
404 3835 477 3909 quo
501 3807 655 3885 hominis
681 3810 794 3886 instar
819 3810 862 3883 ab
887 3807 1025 3906 exiguis
1051 3814 1127 3880 orta
1152 3806 1216 3881 ini·
1283 3815 1293 3836 ⁸

12 3955 14 3958 ’
114 3938 176 4013 tiis
203 3913 327 4024 crevit,
352 3937 481 4032 floruit,
505 3940 664 4046 decrevit
687 3951 796 4038 atque
821 3937 996 4012 exstincta
1013 3947 1078 4030 est,
1095 3951 1216 4014 mente

117 4067 407 4170 contemplando,
430 4094 502 4144 non
526 4073 645 4146 minus
669 4068 834 4171 principii
854 4057 1025 4146 'tenebras
1054 4070 1214 4145 florentis
1289 4155 1293 4164 .

116 4201 244 4278 aetatis
268 4199 357 4291 luce,
383 4198 502 4300 quoad
521 4203 598 4300 ejus
614 4200 691 4276 fieri
708 4209 838 4301 potest,
862 4178 1089 4290 illustremus,
1109 4225 1215 4300 quam
