2870 4874
253 361 300 436 80

253 571 420 650 praetcrea
442 555 548 623 adnot.
572 559 613 622 ad
635 573 714 621 vers,
737 553 791 620 24.
836 556 958 621 Nostro
973 551 1043 622 loco
1066 544 1203 638 ἔρχομαι
1219 579 1298 624 eam
1316 561 1373 627 ha.

254 687 308 748 bet
322 671 528 760 sententiam,
551 695 632 762 quae
653 683 711 744 sub
734 680 911 766 composito
934 682 1030 743 verbo
1052 672 1233 760 ἀπέρχομαι
1250 687 1372 768 subjici

256 804 350 882 solet,
384 806 418 867 id
451 804 535 886 quod
568 803 664 886 longe
691 804 797 866 rarius
824 803 860 862 in
886 802 1075 882 recentium,
1098 822 1193 883 quam
1220 818 1369 870 veterum

257 929 454 990 Graecorum
477 945 624 988 sermone
646 924 696 998 fit,
739 923 837 986 Plebs
858 933 965 985 autem
987 924 1138 1005 antiquae
1160 923 1299 1008 linguae
1315 951 1368 991 ex·

255 1069 329 1135 pers
353 1048 437 1120 hauc
459 1047 546 1108 verbi
568 1046 808 1130 usurpationem
831 1046 897 1106 lere
919 1046 1060 1127 ignorat.
1114 1045 1281 1125 Crucium,
1315 1053 1366 1131 qui

256 1155 354 1232 vertit
372 1185 462 1253 proc
484 1174 573 1229 metu
594 1184 633 1228 eo
656 1162 763 1240 venio,
787 1176 853 1229 toto
878 1166 967 1229 coelo
990 1186 1127 1247 errasse,
1151 1169 1202 1231 vel
1224 1189 1292 1233 non
1314 1193 1363 1234 asa

256 1291 417 1354 severanti
439 1307 533 1350 neruo
557 1288 630 1366 erit,
644 1288 722 1368 quin
744 1287 826 1372 milri
849 1289 967 1351 credat.
989 1321 1033 1332 —
1055 1287 1188 1364 entim&
1212 1292 1364 1378 exspiro,

258 1409 410 1474 oninium
432 1405 530 1496 efflo,
552 1405 734 1473 exanimor
762 1411 798 1473 in
820 1410 971 1497 populari
993 1412 1170 1494 graecitate
1193 1429 1364 1501 usurpatur

257 1555 317 1622 pro
341 1534 473 1614 antiquo
496 1519 638 1610 ἕκψύχω.

389 1655 432 1717 V.
457 1652 511 1717 91.
554 1644 717 1734 ,tortium
738 1656 775 1716 in
796 1631 921 1737 vulgari
943 1655 1056 1738 lingua
1078 1655 1164 1721 valet
1182 1655 1365 1745 aufugere,

257 1773 423 1854 euoderc3
447 1776 507 1855 (ci.
531 1794 611 1855 quae
632 1777 703 1839 dixi
730 1776 772 1839 ad
793 1795 919 1838 versum
943 1773 1005 1858 14)
1034 1779 1194 1843 interdum
1223 1793 1257 1844 et
1285 1779 1366 1846 hbe·-

257 1899 362 1964 rondi
384 1897 603 1982 significatum
626 1896 738 1980 habet,
767 1917 860 1980 quem
888 1875 1084 1983 primitivum
1113 1903 1210 1966 luisse
1233 1916 1366 1986 etymon

258 2021 355 2104 liujus
377 2023 465 2085 verbi
487 2021 619 2095 indicat.
665 2017 853 2084 Derivalum
876 2022 963 2085 enim
991 2034 1041 2085 est
1069 2026 1109 2088 ah
1140 2011 1281 2106 ἔκλυτος,
1311 2030 1366 2092 ad.

252 2143 373 2224 jectivo
395 2141 516 2204 verbali
537 2143 625 2203 verbi
654 2131 794 2218 ἐκλύειν,
824 2145 914 2224 cujus
943 2146 1019 2224 viru,
1041 2145 1071 2209 si
1093 2165 1159 2209 non
1181 2160 1295 2227 totam,
1321 2171 1366 2211 ex

258 2235 350 2347 parte
373 2271 483 2320 tamen
507 2278 590 2321 nova
607 2281 668 2322 vox
684 2263 815 2344 occepit.
861 2265 912 2326 Ex
927 2268 1039 2330 eodem
1053 2270 1140 2331 fonte
1154 2267 1248 2330 fluxit
1261 2256 1363 2348 γλῦω,

257 2382 343 2464 quod
371 2380 455 2444 inlra
484 2398 564 2443 vers.
599 2377 661 2444 143
689 2379 819 2464 legitur.
869 2383 955 2452 Vide
986 2389 1096 2454 Corais
1123 2380 1177 2446 'Aa
1206 2388 1296 2450 Tum.
1322 2389 1366 2450 Π

257 2525 290 2592 p.
313 2502 366 2570 92.

392 2621 436 2690 V.
454 2605 511 2691 Ι99.
557 2605 601 2688 vol
621 2613 707 2709 ’βρω,
728 2642 789 2716 pro
813 2648 874 2715 quo
897 2644 930 2698 et
950 2619 992 2693 voi
1014 2627 1081 2714 βρῶ
1106 2633 1196 2720 plebs
1223 2628 1367 2711 adhibet,
1412 2641 1413 2721 l

260 2750 345 2815 idem
367 2761 463 2813 sonat
485 2750 569 2830 quod
589 2740 744 2833 νὰέὕρω,
767 2775 809 2816 ex
830 2775 892 2832 quo
915 2766 1065 2814 consueta
1088 2757 1225 2831 quadam
1247 2753 1368 2839 aphae·
1411 2785 1412 2802 κ

260 2874 326 2936 resi
348 2882 460 2934 natum
482 2882 541 2933 est.
567 2897 611 2918 -ὴ
632 2864 697 2932 ’κεῖ
711 2876 734 2936 i.
755 2895 781 2934 e.
804 2868 874 2952 inei.
905 2906 949 2916 -
979 2857 1084 2930 Kourol
1097 2871 1220 2957 Jicxta,
1241 2893 1369 2960 prope,
1411 2909 1412 2936 2

261 2991 298 3054 in
327 2987 471 3070 vicinio,
499 2992 613 3057 vocula
629 2989 776 3059 'fortasse
804 2991 939 3058 Italicae
962 2993 1114 3091 originis,
1138 3011 1233 3074 quam
1255 3005 1369 3060 tamen
1411 2955 1412 3027 l

260 3114 362 3178 miror
386 3113 522 3178 Coraom
545 3128 715 3200 cognatam
737 3125 869 3203 putasse
898 3137 969 3180 cum
996 3130 1137 3183 veterum
1164 3118 1368 3182 substantivo

208 3319 210 3328 ,
260 3226 379 3309 norror,
408 3255 511 3318 aquo
534 3239 570 3300 in
593 3240 741 3303 citeriore
766 3239 1163 3327 GraecitateadJ'ectiv'um
1185 3227 1309 3313 κοντός,
1332 3229 1367 3314 ἦ,
1410 3226 1411 3287 l

260 3377 299 3416 ‹n›
326 3351 453 3431 brevis,
476 3379 609 3442 parvus
636 3360 787 3421 manarit.
839 3359 889 3421 Cf.
917 3354 1036 3419 Ἀσακν.
1064 3364 1153 3422 Tum.
1176 3359 1212 3418 ΙΙ
1234 3381 1265 3440 p.
1292 3358 1366 3423 196,

173 3517 175 3522 -
261 3507 307 3525 ⁴-
329 3464 424 3537 ooioo
448 3484 533 3562 conj.
556 3498 623 3543 aor.
646 3479 734 3542 verbi
756 3463 840 3535 σᾶυω
863 3480 903 3540 ab
926 3478 1062 3556 antiquo
1090 3464 1159 3544 σόω,
1179 3474 1364 3544 deducendi.

262 3599 321 3667 Est
343 3613 449 3664 autem
472 3602 508 3662 in
530 3603 668 3664 barbara
690 3598 866 3681 graecitate
887 3584 972 3656 σόνω
994 3615 1061 3658 non
1083 3596 1188 3660 solum
1210 3616 1327 3677 seruo,
1349 3621 1365 3664 e

258 3719 412 3806 periculo
434 3716 555 3806 eripio,
576 3720 633 3783 scd
655 3721 753 3783 etiam
776 3716 946 3792 subvenio,
968 3714 1114 3802 attingo,
1137 3713 1296 3796 advenio,
1318 3717 1364 3784 iu-

263 3839 367 3914 vodo,
389 3863 487 3925 porro
510 3836 599 3903 rotis
620 3859 704 3914 crem,
725 3832 878 3925 sufficio,
907 3839 1042 3917 denique
1054 3832 1149 3924 finio
1177 3850 1211 3902 et
1238 3838 1363 3904 desino.

263 3955 467 4038 De'rcliquo
500 3980 655 4047 praescus
682 3950 772 4038 σώζω
801 3968 926 4021 retenta
959 3960 1093 4040 antiqua
1127 3961 1364 4043 significatione

264 4078 363 4142 ctiam
384 4097 471 4144 nuno
493 4093 607 4147 exstat.
652 4111 698 4132 ····
740 4067 1060 4167 roowooooartter
1083 4085 1166 4163 conj.
1189 4101 1255 4145 aor.
1278 4085 1365 4146 verbi

264 4197 457 4262 recentioris
478 4193 637 4278 τρουπᾶυω
666 4204 687 4264 i.
711 4224 739 4264 c.
764 4194 890 4288 defigo,
909 4196 995 4289 figo,
1017 4213 1187 4288 praeterea
1209 4222 1261 4266 me
1276 4201 1365 4266 abdo

264 4317 300 4384 iu
312 4315 491 4408 foramen·
545 4321 734 4390 Tenendum
760 4324 847 4393 enim
869 4336 929 4404 est,
952 4345 1011 4412 pro
1038 4321 1141 4404 rorico
1161 4325 1197 4387 in
1218 4325 1366 4412 populari

1304 4467 1365 4510 sel·-
