<?xml version="1.0" encoding="UTF-8"?>
<!DOCTYPE html PUBLIC "-//W3C//DTD XHTML 1.0 Transitional//EN"
    "http://www.w3.org/TR/xhtml1/DTD/xhtml1-transitional.dtd">
<html xmlns="http://www.w3.org/1999/xhtml" xml:lang="en" lang="en">
 <head>
  <title>
</title>
<meta http-equiv="Content-Type" content="text/html;charset=utf-8" />
  <meta name='ocr-system' content='tesseract 3.04.00' />
  <meta name='ocr-capabilities' content='ocr_page ocr_carea ocr_par ocr_line ocrx_word'/>
</head>
<body>
  <div class='ocr_page' id='page_1' title='image "./demetriizenipar01mullgoog_0121.png"; bbox 0 0 2870 4874; ppageno 0'>
   <div class='ocr_carea' id='block_1_1' title="bbox 1148 315 1196 386">
    <p class='ocr_par' dir='ltr' id='par_1_1' title="bbox 1148 315 1196 386">
     <span class='ocr_line' id='line_1_1' title="bbox 1148 315 1196 386; baseline 0 0"><span class='ocrx_word' id='word_1_1' title='bbox 1148 315 1196 386; x_wconf 81' lang='lat'>53</span> 
     </span>
    </p>
   </div>
   <div class='ocr_carea' id='block_1_2' title="bbox 33 499 1196 3142">
    <p class='ocr_par' dir='ltr' id='par_1_2' title="bbox 33 499 1194 2166">
     <span class='ocr_line' id='line_1_2' title="bbox 84 499 1191 580; baseline 0.002 -14"><span class='ocrx_word' id='word_1_2' title='bbox 84 506 232 568; x_wconf 88' lang='lat' dir='ltr'>dromum</span> <span class='ocrx_word' id='word_1_3' title='bbox 254 501 279 564; x_wconf 89' lang='lat' dir='ltr'>l.</span> <span class='ocrx_word' id='word_1_4' title='bbox 302 521 381 565; x_wconf 88' lang='lat' dir='ltr'>vers.</span> <span class='ocrx_word' id='word_1_5' title='bbox 404 499 459 580; x_wconf 83' lang='lat'>87,</span> <span class='ocrx_word' id='word_1_6' title='bbox 489 499 530 562; x_wconf 76' lang='lat' dir='ltr'>tul</span> <span class='ocrx_word' id='word_1_7' title='bbox 559 519 650 580; x_wconf 87' lang='lat' dir='ltr'>quem</span> <span class='ocrx_word' id='word_1_8' title='bbox 672 499 777 566; x_wconf 88' lang='lat' dir='ltr'>loeum</span> <span class='ocrx_word' id='word_1_9' title='bbox 800 505 838 566; x_wconf 85' lang='lat' dir='ltr'>ei.</span> <span class='ocrx_word' id='word_1_10' title='bbox 863 502 979 572; x_wconf 77' lang='lat' dir='ltr'>Corsis</span> <span class='ocrx_word' id='word_1_11' title='bbox 1000 507 1072 572; x_wconf 74' lang='lat' dir='ltr'>adn·</span> <span class='ocrx_word' id='word_1_12' title='bbox 1122 507 1191 574; x_wconf 83' lang='lat' dir='ltr'>Dii.</span> 
     </span>
     <span class='ocr_line' id='line_1_3' title="bbox 83 611 1190 712; baseline 0.008 -23"><span class='ocrx_word' id='word_1_13' title='bbox 83 630 149 690; x_wconf 83' lang='lat' dir='ltr'>tert</span> <span class='ocrx_word' id='word_1_14' title='bbox 171 625 253 688; x_wconf 87' lang='lat' dir='ltr'>illud</span> <span class='ocrx_word' id='word_1_15' title='bbox 274 617 354 682; x_wconf 77' lang='grc' dir='ltr'><strong>ὁπυῧ</strong></span> <span class='ocrx_word' id='word_1_16' title='bbox 376 625 416 686; x_wconf 82' lang='lat' dir='ltr'>ab</span> <span class='ocrx_word' id='word_1_17' title='bbox 439 611 527 698; x_wconf 71' lang='grc' dir='ltr'>ὅπου,</span> <span class='ocrx_word' id='word_1_18' title='bbox 550 625 641 704; x_wconf 87' lang='lat' dir='ltr'>eujus</span> <span class='ocrx_word' id='word_1_19' title='bbox 663 625 795 704; x_wconf 82' lang='lat' dir='ltr'>antiqua</span> <span class='ocrx_word' id='word_1_20' title='bbox 816 628 972 692; x_wconf 75' lang='lat' dir='ltr'>remansit</span> <span class='ocrx_word' id='word_1_21' title='bbox 993 630 1057 712; x_wconf 75' lang='lat' dir='ltr'>vis&#39;,</span> <span class='ocrx_word' id='word_1_22' title='bbox 1085 641 1118 695; x_wconf 92' lang='lat' dir='ltr'>et</span> <span class='ocrx_word' id='word_1_23' title='bbox 1138 651 1190 698; x_wconf 81' lang='lat' dir='ltr'>ae·</span> 
     </span>
     <span class='ocr_line' id='line_1_4' title="bbox 82 742 1190 826; baseline 0.006 -14"><span class='ocrx_word' id='word_1_24' title='bbox 82 759 184 812; x_wconf 81' lang='lat' dir='ltr'>centu</span> <span class='ocrx_word' id='word_1_25' title='bbox 206 760 240 810; x_wconf 90' lang='lat' dir='ltr'>et</span> <span class='ocrx_word' id='word_1_26' title='bbox 261 742 509 826; x_wconf 81' lang='lat' dir='ltr'>significatione.</span> <span class='ocrx_word' id='word_1_27' title='bbox 560 743 652 806; x_wconf 86' lang='lat' dir='ltr'>Haee</span> <span class='ocrx_word' id='word_1_28' title='bbox 679 745 874 826; x_wconf 80' lang='lat' dir='ltr'>differentis,</span> <span class='ocrx_word' id='word_1_29' title='bbox 902 748 980 812; x_wconf 86' lang='lat' dir='ltr'>lieet</span> <span class='ocrx_word' id='word_1_30' title='bbox 1009 769 1030 814; x_wconf 81' lang='lat' dir='ltr'>e</span> <span class='ocrx_word' id='word_1_31' title='bbox 1056 751 1190 820; x_wconf 72' lang='lat' dir='ltr'>Graecis</span> 
     </span>
     <span class='ocr_line' id='line_1_5' title="bbox 82 866 1190 953; baseline 0.005 -19"><span class='ocrx_word' id='word_1_32' title='bbox 82 867 227 934; x_wconf 82' lang='lat' dir='ltr'>nostrae</span> <span class='ocrx_word' id='word_1_33' title='bbox 243 866 359 930; x_wconf 77' lang='lat' dir='ltr'>aetatis</span> <span class='ocrx_word' id='word_1_34' title='bbox 381 875 533 950; x_wconf 88' lang='lat' dir='ltr'>perpetuo</span> <span class='ocrx_word' id='word_1_35' title='bbox 556 867 758 946; x_wconf 75' lang='lat' dir='ltr'>observetur,</span> <span class='ocrx_word' id='word_1_36' title='bbox 787 887 885 953; x_wconf 85' lang='lat' dir='ltr'>saepe</span> <span class='ocrx_word' id='word_1_37' title='bbox 913 879 1022 934; x_wconf 82' lang='lat' dir='ltr'>tamen</span> <span class='ocrx_word' id='word_1_38' title='bbox 1050 873 1086 936; x_wconf 92' lang='lat' dir='ltr'>iu</span> <span class='ocrx_word' id='word_1_39' title='bbox 1107 877 1190 939; x_wconf 88' lang='lat' dir='ltr'>anti-</span> 
     </span>
     <span class='ocr_line' id='line_1_6' title="bbox 84 987 1193 1076; baseline 0.004 -22"><span class='ocrx_word' id='word_1_40' title='bbox 84 993 235 1073; x_wconf 76' lang='lat' dir='ltr'>quierunt</span> <span class='ocrx_word' id='word_1_41' title='bbox 262 989 353 1051; x_wconf 88' lang='lat' dir='ltr'>libris</span> <span class='ocrx_word' id='word_1_42' title='bbox 381 987 508 1071; x_wconf 78' lang='lat' dir='ltr'>volgari</span> <span class='ocrx_word' id='word_1_43' title='bbox 533 1008 682 1052; x_wconf 87' lang='lat' dir='ltr'>sermone</span> <span class='ocrx_word' id='word_1_44' title='bbox 704 989 835 1076; x_wconf 84' lang='lat' dir='ltr'>seriptis</span> <span class='ocrx_word' id='word_1_45' title='bbox 864 991 1085 1072; x_wconf 82' lang='lat' dir='ltr'>confunditur,</span> <span class='ocrx_word' id='word_1_46' title='bbox 1112 993 1193 1058; x_wconf 83' lang='lat' dir='ltr'>adeo</span> 
     </span>
     <span class='ocr_line' id='line_1_7' title="bbox 84 1098 1191 1201; baseline -0.003 -26"><span class='ocrx_word' id='word_1_47' title='bbox 84 1125 121 1175; x_wconf 90' lang='lat' dir='ltr'>ut</span> <span class='ocrx_word' id='word_1_48' title='bbox 144 1098 407 1198; x_wconf 73' lang='lat' dir='ltr'>imprimisi&#39;nov</span> <span class='ocrx_word' id='word_1_49' title='bbox 428 1121 596 1174; x_wconf 86' lang='lat' dir='ltr'>exaratum</span> <span class='ocrx_word' id='word_1_50' title='bbox 618 1113 773 1198; x_wconf 81' lang='lat' dir='ltr'>reperias,</span> <span class='ocrx_word' id='word_1_51' title='bbox 803 1111 858 1176; x_wconf 90' lang='lat' dir='ltr'>ubi</span> <span class='ocrx_word' id='word_1_52' title='bbox 881 1104 961 1172; x_wconf 79' lang='grc' dir='ltr'><strong>ὁποῢ</strong></span> <span class='ocrx_word' id='word_1_53' title='bbox 981 1113 1078 1180; x_wconf 82' lang='lat' dir='ltr'><strong>scribi</strong></span> <span class='ocrx_word' id='word_1_54' title='bbox 1100 1133 1191 1201; x_wconf 87' lang='lat' dir='ltr'>opor.</span> 
     </span>
     <span class='ocr_line' id='line_1_8' title="bbox 80 1211 1192 1322; baseline 0.004 -25"><span class='ocrx_word' id='word_1_55' title='bbox 80 1211 178 1298; x_wconf 82' lang='lat' dir='ltr'>tebet.</span> <span class='ocrx_word' id='word_1_56' title='bbox 198 1219 295 1296; x_wconf 74' lang='lat'><strong>‘1100</strong></span> <span class='ocrx_word' id='word_1_57' title='bbox 323 1233 429 1317; x_wconf 88' lang='lat' dir='ltr'>ipsum</span> <span class='ocrx_word' id='word_1_58' title='bbox 456 1232 647 1296; x_wconf 80' lang='lat' dir='ltr'>documento</span> <span class='ocrx_word' id='word_1_59' title='bbox 668 1255 738 1297; x_wconf 88' lang='lat' dir='ltr'>esse</span> <span class='ocrx_word' id='word_1_60' title='bbox 761 1246 881 1320; x_wconf 85' lang='lat' dir='ltr'>potest,</span> <span class='ocrx_word' id='word_1_61' title='bbox 909 1249 1094 1322; x_wconf 82' lang='lat' dir='ltr'>pronomen</span> <span class='ocrx_word' id='word_1_62' title='bbox 1108 1235 1192 1302; x_wconf 78' lang='lat' dir='ltr'>illud</span> 
     </span>
     <span class='ocr_line' id='line_1_9' title="bbox 83 1343 1192 1441; baseline 0.01 -27"><span class='ocrx_word' id='word_1_63' title='bbox 83 1349 166 1441; x_wconf 67' lang='grc' dir='ltr'>ᾅποῢ</span> <span class='ocrx_word' id='word_1_64' title='bbox 192 1375 234 1417; x_wconf 83' lang='lat' dir='ltr'>ex</span> <span class='ocrx_word' id='word_1_65' title='bbox 263 1354 413 1418; x_wconf 82' lang='lat' dir='ltr'>adverbio</span> <span class='ocrx_word' id='word_1_66' title='bbox 441 1353 507 1417; x_wconf 88' lang='lat' dir='ltr'>loei</span> <span class='ocrx_word' id='word_1_67' title='bbox 537 1343 617 1414; x_wconf 72' lang='grc' dir='ltr'>ὅπου</span> <span class='ocrx_word' id='word_1_68' title='bbox 643 1367 755 1418; x_wconf 86' lang='lat' dir='ltr'>natum</span> <span class='ocrx_word' id='word_1_69' title='bbox 783 1378 861 1420; x_wconf 85' lang='lat' dir='ltr'>esse.</span> <span class='ocrx_word' id='word_1_70' title='bbox 913 1360 1006 1434; x_wconf 81' lang='lat' dir='ltr'>Ques</span> <span class='ocrx_word' id='word_1_71' title='bbox 1026 1358 1192 1440; x_wconf 83' lang='lat' dir='ltr'>quum&#39;ita</span> 
     </span>
     <span class='ocr_line' id='line_1_10' title="bbox 83 1453 1191 1570; baseline 0 -29"><span class='ocrx_word' id='word_1_72' title='bbox 83 1479 168 1555; x_wconf 79' lang='lat' dir='ltr'>sint,</span> <span class='ocrx_word' id='word_1_73' title='bbox 198 1475 253 1538; x_wconf 90' lang='lat' dir='ltr'>hie</span> <span class='ocrx_word' id='word_1_74' title='bbox 282 1494 404 1555; x_wconf 88' lang='lat' dir='ltr'>quoquo</span> <span class='ocrx_word' id='word_1_75' title='bbox 432 1495 610 1570; x_wconf 83' lang='lat' dir='ltr'>servassem</span> <span class='ocrx_word' id='word_1_76' title='bbox 639 1453 733 1554; x_wconf 70' lang='lat' dir='ltr'>ineu,</span> <span class='ocrx_word' id='word_1_77' title='bbox 760 1480 790 1542; x_wconf 82' lang='lat' dir='ltr'>si</span> <span class='ocrx_word' id='word_1_78' title='bbox 817 1481 855 1544; x_wconf 84' lang='lat' dir='ltr'>in</span> <span class='ocrx_word' id='word_1_79' title='bbox 881 1491 973 1544; x_wconf 84' lang='lat' dir='ltr'>textu</span> <span class='ocrx_word' id='word_1_80' title='bbox 993 1482 1191 1566; x_wconf 82' lang='lat' dir='ltr'>reperissem.</span> 
     </span>
     <span class='ocr_line' id='line_1_11' title="bbox 83 1597 1193 1688; baseline 0.004 -26"><span class='ocrx_word' id='word_1_81' title='bbox 83 1600 134 1666; x_wconf 87' lang='lat' dir='ltr'>At</span> <span class='ocrx_word' id='word_1_82' title='bbox 161 1597 314 1680; x_wconf 88' lang='lat' dir='ltr'>quoniam</span> <span class='ocrx_word' id='word_1_83' title='bbox 340 1598 524 1682; x_wconf 79' lang='lat' dir='ltr'>superiores</span> <span class='ocrx_word' id='word_1_84' title='bbox 552 1599 693 1662; x_wconf 78' lang='lat' dir='ltr'>editores</span> <span class='ocrx_word' id='word_1_85' title='bbox 720 1601 845 1666; x_wconf 88' lang='lat' dir='ltr'>nullum</span> <span class='ocrx_word' id='word_1_86' title='bbox 872 1603 997 1688; x_wconf 85' lang='lat' dir='ltr'>apieem</span> <span class='ocrx_word' id='word_1_87' title='bbox 1024 1601 1101 1666; x_wconf 89' lang='lat' dir='ltr'>huiu</span> <span class='ocrx_word' id='word_1_88' title='bbox 1122 1602 1193 1666; x_wconf 85' lang='lat' dir='ltr'>voui</span> 
     </span>
     <span class='ocr_line' id='line_1_12' title="bbox 84 1701 1194 1808; baseline 0.002 -24"><span class='ocrx_word' id='word_1_89' title='bbox 84 1731 367 1807; x_wconf 78' lang='lat' dir='ltr'>superposuerunt,</span> <span class='ocrx_word' id='word_1_90' title='bbox 390 1712 470 1779; x_wconf 81' lang='grc' dir='ltr'>ὃποῦ</span> <span class='ocrx_word' id='word_1_91' title='bbox 489 1701 640 1806; x_wconf 83' lang='lat' dir='ltr'>praetuli,</span> <span class='ocrx_word' id='word_1_92' title='bbox 651 1743 787 1808; x_wconf 89' lang='lat' dir='ltr'>sperans</span> <span class='ocrx_word' id='word_1_93' title='bbox 809 1726 880 1786; x_wconf 82' lang='lat' dir='ltr'>iore</span> <span class='ocrx_word' id='word_1_94' title='bbox 900 1735 946 1804; x_wconf 88' lang='lat' dir='ltr'>ut,</span> <span class='ocrx_word' id='word_1_95' title='bbox 969 1725 1024 1805; x_wconf 84' lang='lat' dir='ltr'>qui</span> <span class='ocrx_word' id='word_1_96' title='bbox 1045 1722 1127 1788; x_wconf 87' lang='lat' dir='ltr'>haee</span> <span class='ocrx_word' id='word_1_97' title='bbox 1145 1723 1194 1786; x_wconf 86' lang='lat' dir='ltr'>le·</span> 
     </span>
     <span class='ocr_line' id='line_1_13' title="bbox 86 1842 1193 1932; baseline 0.003 -27"><span class='ocrx_word' id='word_1_98' title='bbox 86 1855 176 1926; x_wconf 77' lang='lat' dir='ltr'>gent,</span> <span class='ocrx_word' id='word_1_99' title='bbox 198 1853 351 1921; x_wconf 89' lang='lat' dir='ltr'>metrum,</span> <span class='ocrx_word' id='word_1_100' title='bbox 374 1842 457 1922; x_wconf 87' lang='lat' dir='ltr'>quod</span> <span class='ocrx_word' id='word_1_101' title='bbox 484 1844 589 1927; x_wconf 88' lang='lat' dir='ltr'>prima</span> <span class='ocrx_word' id='word_1_102' title='bbox 616 1845 724 1929; x_wconf 85' lang='lat' dir='ltr'>speeie</span> <span class='ocrx_word' id='word_1_103' title='bbox 752 1843 934 1908; x_wconf 85' lang='lat' dir='ltr'>olaudie&#39;ere</span> <span class='ocrx_word' id='word_1_104' title='bbox 956 1846 1098 1926; x_wconf 85' lang='lat' dir='ltr'>videtur,</span> <span class='ocrx_word' id='word_1_105' title='bbox 1119 1865 1193 1932; x_wconf 86' lang='lat' dir='ltr'>pro·</span> 
     </span>
     <span class='ocr_line' id='line_1_14' title="bbox 33 1947 1191 2062; baseline 0.009 -42"><span class='ocrx_word' id='word_1_106' title='bbox 33 2011 40 2020; x_wconf 88' lang='lat'>.</span> <span class='ocrx_word' id='word_1_107' title='bbox 86 1947 297 2026; x_wconf 77' lang='lat' dir='ltr'>nuntiatione</span> <span class='ocrx_word' id='word_1_108' title='bbox 319 1963 489 2024; x_wconf 84' lang='lat' dir='ltr'>restituere</span> <span class='ocrx_word' id='word_1_109' title='bbox 511 1966 625 2026; x_wconf 89' lang='lat' dir='ltr'>seiaut.</span> <span class='ocrx_word' id='word_1_110' title='bbox 650 1966 805 2062; x_wconf 44' lang='lat' dir='ltr'>„Pariter</span> <span class='ocrx_word' id='word_1_111' title='bbox 826 1965 954 2030; x_wconf 80' lang='lat' dir='ltr'>Rhirus</span> <span class='ocrx_word' id='word_1_112' title='bbox 975 1968 1011 2030; x_wconf 82' lang='lat' dir='ltr'>iu</span> <span class='ocrx_word' id='word_1_113' title='bbox 1033 1967 1191 2054; x_wconf 77' lang='lat' dir='ltr'>Aspasia:</span> 
     </span>
     <span class='ocr_line' id='line_1_15' title="bbox 87 2070 906 2166; baseline 0.001 -22"><span class='ocrx_word' id='word_1_114' title='bbox 87 2077 116 2144; x_wconf 85' lang='grc' dir='ltr'>κ’</span> <span class='ocrx_word' id='word_1_115' title='bbox 141 2077 245 2143; x_wconf 67' lang='grc' dir='ltr'><em>αὐτῶν</em></span> <span class='ocrx_word' id='word_1_116' title='bbox 265 2078 284 2159; x_wconf 81' lang='grc' dir='ltr'>ἡ</span> <span class='ocrx_word' id='word_1_117' title='bbox 307 2073 368 2158; x_wconf 74' lang='grc' dir='ltr'>ζωὴ</span> <span class='ocrx_word' id='word_1_118' title='bbox 391 2070 510 2143; x_wconf 66' lang='grc' dir='ltr'><strong><em>ἔπαυσε</em></strong></span> <span class='ocrx_word' id='word_1_119' title='bbox 531 2076 588 2144; x_wconf 73' lang='grc' dir='ltr'>καὶ</span> <span class='ocrx_word' id='word_1_120' title='bbox 609 2083 670 2145; x_wconf 64' lang='grc' dir='ltr'>τῶν</span> <span class='ocrx_word' id='word_1_121' title='bbox 690 2075 797 2166; x_wconf 77' lang='grc' dir='ltr'>ἡρώων</span> <span class='ocrx_word' id='word_1_122' title='bbox 818 2075 906 2146; x_wconf 71' lang='grc' dir='ltr'><strong><em>ὅλων.</em></strong></span> 
     </span>
    </p>

    <p class='ocr_par' dir='ltr' id='par_1_3' title="bbox 86 2178 1191 2418">
     <span class='ocr_line' id='line_1_16' title="bbox 218 2178 1191 2295; baseline 0.008 -29"><span class='ocrx_word' id='word_1_123' title='bbox 218 2204 395 2266; x_wconf 63' lang='lat' dir='ltr'>noroenses</span> <span class='ocrx_word' id='word_1_124' title='bbox 421 2208 526 2272; x_wconf 82' lang='lat' dir='ltr'>forma</span> <span class='ocrx_word' id='word_1_125' title='bbox 549 2208 695 2292; x_wconf 68' lang='lat' dir='ltr'>uulgaris</span> <span class='ocrx_word' id='word_1_126' title='bbox 720 2229 782 2295; x_wconf 87' lang='lat' dir='ltr'>pro</span> <span class='ocrx_word' id='word_1_127' title='bbox 807 2178 990 2272; x_wconf 71' lang='lat' dir='ltr'>mroueofiot</span> <span class='ocrx_word' id='word_1_128' title='bbox 1016 2205 1191 2288; x_wconf 76' lang='lat' dir='ltr'>habitant,</span> 
     </span>
     <span class='ocr_line' id='line_1_17' title="bbox 86 2324 858 2418; baseline 0 -25"><span class='ocrx_word' id='word_1_129' title='bbox 86 2341 122 2393; x_wconf 89' lang='lat' dir='ltr'>ut</span> <span class='ocrx_word' id='word_1_130' title='bbox 137 2324 254 2410; x_wconf 69' lang='lat' dir='ltr'>sutorio</span> <span class='ocrx_word' id='word_1_131' title='bbox 274 2349 333 2416; x_wconf 90' lang='lat' dir='ltr'>pro</span> <span class='ocrx_word' id='word_1_132' title='bbox 355 2325 478 2411; x_wconf 66' lang='lat' dir='ltr'>rumim,</span> <span class='ocrx_word' id='word_1_133' title='bbox 499 2324 617 2413; x_wconf 76' lang='grc' dir='ltr'><em>λέγουν</em></span> <span class='ocrx_word' id='word_1_134' title='bbox 636 2352 696 2418; x_wconf 90' lang='lat' dir='ltr'>pro</span> <span class='ocrx_word' id='word_1_135' title='bbox 717 2325 858 2412; x_wconf 70' lang='grc' dir='ltr'>λέγουσι.</span> 
     </span>
    </p>

    <p class='ocr_par' dir='ltr' id='par_1_4' title="bbox 88 2439 1196 3142">
     <span class='ocr_line' id='line_1_18' title="bbox 217 2439 1193 2539; baseline -0.002 -25"><span class='ocrx_word' id='word_1_136' title='bbox 217 2451 259 2514; x_wconf 93' lang='lat' dir='ltr'>ln</span> <span class='ocrx_word' id='word_1_137' title='bbox 279 2453 384 2514; x_wconf 86' lang='lat' dir='ltr'>verbis</span> <span class='ocrx_word' id='word_1_138' title='bbox 404 2445 432 2520; x_wconf 84' lang='grc' dir='ltr'>’ς</span> <span class='ocrx_word' id='word_1_139' title='bbox 453 2445 476 2510; x_wconf 75' lang='lat' dir='ltr'>r’</span> <span class='ocrx_word' id='word_1_140' title='bbox 502 2439 571 2530; x_wconf 69' lang='lat' dir='ltr'>iique</span> <span class='ocrx_word' id='word_1_141' title='bbox 596 2455 617 2514; x_wconf 87' lang='lat' dir='ltr'>i.</span> <span class='ocrx_word' id='word_1_142' title='bbox 640 2475 666 2514; x_wconf 87' lang='lat' dir='ltr'>e.</span> <span class='ocrx_word' id='word_1_143' title='bbox 694 2449 738 2530; x_wconf 67' lang='lat' dir='ltr'>rio</span> <span class='ocrx_word' id='word_1_144' title='bbox 763 2445 798 2512; x_wconf 68' lang='grc' dir='ltr'>τὸ</span> <span class='ocrx_word' id='word_1_145' title='bbox 827 2441 897 2532; x_wconf 64' lang='grc' dir='ltr'>ὄρος</span> <span class='ocrx_word' id='word_1_146' title='bbox 925 2455 1122 2539; x_wconf 83' lang='lat' dir='ltr'>praepositio</span> <span class='ocrx_word' id='word_1_147' title='bbox 1151 2449 1193 2523; x_wconf 77' lang='grc' dir='ltr'>εἰς</span> 
     </span>
     <span class='ocr_line' id='line_1_19' title="bbox 88 2571 1193 2652; baseline -0.004 -15"><span class='ocrx_word' id='word_1_148' title='bbox 88 2576 159 2637; x_wconf 88' lang='lat' dir='ltr'>viee</span> <span class='ocrx_word' id='word_1_149' title='bbox 181 2572 327 2652; x_wconf 82' lang='lat' dir='ltr'>iungitur</span> <span class='ocrx_word' id='word_1_150' title='bbox 349 2575 430 2651; x_wconf 88' lang='lat' dir='ltr'>ejus,</span> <span class='ocrx_word' id='word_1_151' title='bbox 452 2588 548 2649; x_wconf 86' lang='lat' dir='ltr'>quam</span> <span class='ocrx_word' id='word_1_152' title='bbox 570 2573 696 2648; x_wconf 81' lang='lat' dir='ltr'>antiqui</span> <span class='ocrx_word' id='word_1_153' title='bbox 716 2572 760 2632; x_wconf 86' lang='lat' dir='ltr'>ad</span> <span class='ocrx_word' id='word_1_154' title='bbox 782 2575 922 2648; x_wconf 83' lang='lat' dir='ltr'>quietem</span> <span class='ocrx_word' id='word_1_155' title='bbox 941 2573 1107 2650; x_wconf 75' lang='lat' dir='ltr'>in&#39;eliquo</span> <span class='ocrx_word' id='word_1_156' title='bbox 1122 2571 1193 2633; x_wconf 89' lang='lat' dir='ltr'>loeo</span> 
     </span>
     <span class='ocr_line' id='line_1_20' title="bbox 90 2657 1196 2776; baseline -0.003 -19"><span class='ocrx_word' id='word_1_157' title='bbox 90 2691 298 2757; x_wconf 74' lang='lat' dir='ltr'>indicandam</span> <span class='ocrx_word' id='word_1_158' title='bbox 319 2689 531 2776; x_wconf 81' lang='lat' dir='ltr'>applicarunt.</span> <span class='ocrx_word' id='word_1_159' title='bbox 581 2657 675 2753; x_wconf 82' lang='lat' dir='ltr'>Raro</span> <span class='ocrx_word' id='word_1_160' title='bbox 701 2689 827 2752; x_wconf 86' lang='lat' dir='ltr'>scilieet</span> <span class='ocrx_word' id='word_1_161' title='bbox 854 2690 971 2756; x_wconf 80' lang='lat' dir='ltr'>Graeci</span> <span class='ocrx_word' id='word_1_162' title='bbox 998 2691 1196 2754; x_wconf 85' lang='lat' dir='ltr'>reeeutiores</span> 
     </span>
     <span class='ocr_line' id='line_1_21' title="bbox 90 2807 1194 2900; baseline -0.003 -20"><span class='ocrx_word' id='word_1_163' title='bbox 90 2815 212 2880; x_wconf 87' lang='lat' dir='ltr'>Dativo</span> <span class='ocrx_word' id='word_1_164' title='bbox 233 2814 350 2900; x_wconf 83' lang='lat' dir='ltr'>privati</span> <span class='ocrx_word' id='word_1_165' title='bbox 371 2813 643 2899; x_wconf 84' lang='lat' dir='ltr'>praepositionem</span> <span class='ocrx_word' id='word_1_166' title='bbox 666 2807 701 2872; x_wconf 77' lang='grc' dir='ltr'>ἐν</span> <span class='ocrx_word' id='word_1_167' title='bbox 723 2811 892 2895; x_wconf 84' lang='lat' dir='ltr'>adhibent,</span> <span class='ocrx_word' id='word_1_168' title='bbox 915 2814 945 2877; x_wconf 90' lang='lat' dir='ltr'>si</span> <span class='ocrx_word' id='word_1_169' title='bbox 967 2833 988 2879; x_wconf 83' lang='lat' dir='ltr'><strong>a</strong></span> <span class='ocrx_word' id='word_1_170' title='bbox 1010 2813 1194 2878; x_wconf 84' lang='lat' dir='ltr'>nominibus</span> 
     </span>
     <span class='ocr_line' id='line_1_22' title="bbox 89 2936 1194 3021; baseline 0.002 -21"><span class='ocrx_word' id='word_1_171' title='bbox 89 2938 225 3016; x_wconf 86' lang='lat' dir='ltr'>urbium,</span> <span class='ocrx_word' id='word_1_172' title='bbox 248 2938 299 2999; x_wconf 87' lang='lat' dir='ltr'>eui</span> <span class='ocrx_word' id='word_1_173' title='bbox 323 2938 363 3000; x_wconf 83' lang='lat' dir='ltr'>eb</span> <span class='ocrx_word' id='word_1_174' title='bbox 386 2937 520 3000; x_wconf 86' lang='lat' dir='ltr'>eruditis</span> <span class='ocrx_word' id='word_1_175' title='bbox 542 2937 602 3000; x_wconf 83' lang='lat' dir='ltr'>illo</span> <span class='ocrx_word' id='word_1_176' title='bbox 623 2937 722 3021; x_wconf 78' lang='lat' dir='ltr'>edJiei</span> <span class='ocrx_word' id='word_1_177' title='bbox 743 2938 837 3019; x_wconf 88' lang='lat' dir='ltr'>solet,</span> <span class='ocrx_word' id='word_1_178' title='bbox 859 2947 955 3020; x_wconf 87' lang='lat' dir='ltr'>utque</span> <span class='ocrx_word' id='word_1_179' title='bbox 970 2957 990 3002; x_wconf 85' lang='lat' dir='ltr'>a</span> <span class='ocrx_word' id='word_1_180' title='bbox 1007 2936 1194 3019; x_wconf 80' lang='lat' dir='ltr'>quibusdam</span> 
     </span>
     <span class='ocr_line' id='line_1_23' title="bbox 90 3059 638 3142; baseline -0.004 -21"><span class='ocrx_word' id='word_1_181' title='bbox 90 3059 240 3142; x_wconf 81' lang='lat' dir='ltr'>loquendi</span> <span class='ocrx_word' id='word_1_182' title='bbox 263 3061 435 3142; x_wconf 85' lang='lat' dir='ltr'>generibus</span> <span class='ocrx_word' id='word_1_183' title='bbox 457 3059 638 3120; x_wconf 79' lang='lat' dir='ltr'>recesseris.</span> 
     </span>
    </p>
   </div>
   <div class='ocr_carea' id='block_1_3' title="bbox 222 3159 1192 3265">
    <p class='ocr_par' dir='ltr' id='par_1_5' title="bbox 222 3131 1192 3265">
     <span class='ocr_line' id='line_1_24' title="bbox 222 3159 1192 3265; baseline 0.004 -23"><span class='ocrx_word' id='word_1_184' title='bbox 222 3179 265 3242; x_wconf 90' lang='lat' dir='ltr'>V.</span> <span class='ocrx_word' id='word_1_185' title='bbox 287 3177 317 3242; x_wconf 82' lang='lat' dir='ltr'>lt.</span> <span class='ocrx_word' id='word_1_186' title='bbox 360 3179 413 3242; x_wconf 88' lang='lat' dir='ltr'>De</span> <span class='ocrx_word' id='word_1_187' title='bbox 425 3170 511 3260; x_wconf 72' lang='lat' dir='ltr'>ptari</span> <span class='ocrx_word' id='word_1_188' title='bbox 527 3159 600 3243; x_wconf 84' lang='lat' dir='ltr'>vide</span> <span class='ocrx_word' id='word_1_189' title='bbox 612 3199 693 3261; x_wconf 88' lang='lat' dir='ltr'>quae</span> <span class='ocrx_word' id='word_1_190' title='bbox 706 3181 904 3244; x_wconf 80' lang='lat' dir='ltr'>diximusau</span> <span class='ocrx_word' id='word_1_191' title='bbox 915 3201 995 3246; x_wconf 84' lang='lat' dir='ltr'>vers.</span> <span class='ocrx_word' id='word_1_192' title='bbox 1012 3181 1042 3245; x_wconf 84' lang='lat'>7.</span> <span class='ocrx_word' id='word_1_193' title='bbox 1060 3181 1192 3265; x_wconf 81' lang='lat' dir='ltr'>dialogi</span> 
     </span>
    </p>
   </div>
   <div class='ocr_carea' id='block_1_4' title="bbox 91 3279 1196 4366">
    <p class='ocr_par' dir='ltr' id='par_1_6' title="bbox 91 3279 1195 3758">
     <span class='ocr_line' id='line_1_25' title="bbox 173 3279 1194 3389; baseline 0.007 -27"><span class='ocrx_word' id='word_1_194' title='bbox 173 3279 179 3282; x_wconf 34' lang='grc'><em>“</em></span> <span class='ocrx_word' id='word_1_195' title='bbox 223 3291 360 3383; x_wconf 72' lang='grc' dir='ltr'><em>δύνομαι</em></span> <span class='ocrx_word' id='word_1_196' title='bbox 380 3304 488 3367; x_wconf 85' lang='lat' dir='ltr'>rarior</span> <span class='ocrx_word' id='word_1_197' title='bbox 509 3304 613 3368; x_wconf 77' lang='lat' dir='ltr'>forma</span> <span class='ocrx_word' id='word_1_198' title='bbox 634 3323 693 3389; x_wconf 81' lang='lat' dir='ltr'>pro</span> <span class='ocrx_word' id='word_1_199' title='bbox 715 3291 874 3384; x_wconf 79' lang='grc' dir='ltr'><em>δύναμαι,</em></span> <span class='ocrx_word' id='word_1_200' title='bbox 903 3308 993 3389; x_wconf 75' lang='lat' dir='ltr'>eujus</span> <span class='ocrx_word' id='word_1_201' title='bbox 1006 3316 1052 3368; x_wconf 69' lang='lat' dir='ltr'>et</span> <span class='ocrx_word' id='word_1_202' title='bbox 1077 3304 1194 3370; x_wconf 76' lang='lat' dir='ltr'>Dome-</span> 
     </span>
     <span class='ocr_line' id='line_1_26' title="bbox 91 3423 1195 3507; baseline -0.005 -18"><span class='ocrx_word' id='word_1_203' title='bbox 91 3427 172 3490; x_wconf 87' lang='lat' dir='ltr'>trius</span> <span class='ocrx_word' id='word_1_204' title='bbox 199 3426 355 3489; x_wconf 85' lang='lat' dir='ltr'>Nicolaus</span> <span class='ocrx_word' id='word_1_205' title='bbox 388 3425 547 3490; x_wconf 83' lang='lat' dir='ltr'>Darvaris</span> <span class='ocrx_word' id='word_1_206' title='bbox 579 3428 778 3490; x_wconf 88' lang='lat' dir='ltr'>mentionem</span> <span class='ocrx_word' id='word_1_207' title='bbox 810 3429 888 3492; x_wconf 77' lang='lat' dir='ltr'>feeit</span> <span class='ocrx_word' id='word_1_208' title='bbox 922 3430 958 3492; x_wconf 92' lang='lat' dir='ltr'>in</span> <span class='ocrx_word' id='word_1_209' title='bbox 986 3423 1195 3507; x_wconf 67' lang='grc' dir='ltr'><em>Γραμματικῇ</em></span> 
     </span>
     <span class='ocr_line' id='line_1_27' title="bbox 92 3539 1194 3635; baseline 0 -28"><span class='ocrx_word' id='word_1_210' title='bbox 92 3543 315 3627; x_wconf 56' lang='lat' dir='ltr'>ermelinum]</span> <span class='ocrx_word' id='word_1_211' title='bbox 336 3567 408 3634; x_wconf 85' lang='lat' dir='ltr'>pag.</span> <span class='ocrx_word' id='word_1_212' title='bbox 432 3547 504 3613; x_wconf 85' lang='lat'>187.</span> <span class='ocrx_word' id='word_1_213' title='bbox 526 3584 570 3596; x_wconf 89' lang='lat'><em>-</em></span> <span class='ocrx_word' id='word_1_214' title='bbox 592 3539 772 3630; x_wconf 73' lang='grc' dir='ltr'><strong><em>λογαριάζω</em></strong></span> <span class='ocrx_word' id='word_1_215' title='bbox 800 3550 886 3635; x_wconf 78' lang='lat' dir='ltr'>opud</span> <span class='ocrx_word' id='word_1_216' title='bbox 913 3549 1109 3610; x_wconf 87' lang='lat' dir='ltr'>recentiores</span> <span class='ocrx_word' id='word_1_217' title='bbox 1132 3556 1194 3609; x_wconf 87' lang='lat' dir='ltr'>est:</span> 
     </span>
     <span class='ocr_line' id='line_1_28' title="bbox 92 3681 779 3758; baseline -0.006 -24"><span class='ocrx_word' id='word_1_218' title='bbox 92 3682 237 3756; x_wconf 87' lang='lat' dir='ltr'>supputo,</span> <span class='ocrx_word' id='word_1_219' title='bbox 261 3681 421 3758; x_wconf 77' lang='lat' dir='ltr'>computo,</span> <span class='ocrx_word' id='word_1_220' title='bbox 444 3690 589 3750; x_wconf 82' lang='lat' dir='ltr'>numero,</span> <span class='ocrx_word' id='word_1_221' title='bbox 612 3687 779 3734; x_wconf 68' lang='lat' dir='ltr'>recenseo</span> 
     </span>
    </p>

    <p class='ocr_par' dir='ltr' id='par_1_7' title="bbox 93 3775 1196 4222">
     <span class='ocr_line' id='line_1_29' title="bbox 223 3775 1196 3876; baseline 0 -24"><span class='ocrx_word' id='word_1_222' title='bbox 223 3791 265 3852; x_wconf 90' lang='lat' dir='ltr'>V.</span> <span class='ocrx_word' id='word_1_223' title='bbox 288 3792 318 3856; x_wconf 84' lang='lat'>5.</span> <span class='ocrx_word' id='word_1_224' title='bbox 363 3790 419 3852; x_wconf 64' lang='lat' dir='ltr'>toti</span> <span class='ocrx_word' id='word_1_225' title='bbox 437 3779 514 3873; x_wconf 65' lang='grc' dir='ltr'>’Ἄρη</span> <span class='ocrx_word' id='word_1_226' title='bbox 546 3793 723 3876; x_wconf 80' lang='lat' dir='ltr'>vulgariter</span> <span class='ocrx_word' id='word_1_227' title='bbox 749 3809 809 3876; x_wconf 89' lang='lat' dir='ltr'>pro</span> <span class='ocrx_word' id='word_1_228' title='bbox 838 3786 897 3848; x_wconf 74' lang='lat' dir='ltr'>roi&gt;</span> <span class='ocrx_word' id='word_1_229' title='bbox 914 3775 1029 3866; x_wconf 59' lang='lat' dir='ltr'>”Apron</span> <span class='ocrx_word' id='word_1_230' title='bbox 1079 3784 1196 3852; x_wconf 83' lang='lat' dir='ltr'>Servat</span> 
     </span>
     <span class='ocr_line' id='line_1_30' title="bbox 93 3909 1195 4001; baseline -0.004 -23"><span class='ocrx_word' id='word_1_231' title='bbox 93 3913 181 3978; x_wconf 89' lang='lat' dir='ltr'>euim</span> <span class='ocrx_word' id='word_1_232' title='bbox 203 3911 292 3994; x_wconf 83' lang='lat' dir='ltr'>vulgi</span> <span class='ocrx_word' id='word_1_233' title='bbox 313 3917 507 3979; x_wconf 83' lang='lat' dir='ltr'>consuetudo</span> <span class='ocrx_word' id='word_1_234' title='bbox 528 3936 625 4001; x_wconf 82' lang='lat' dir='ltr'>saepe</span> <span class='ocrx_word' id='word_1_235' title='bbox 651 3915 688 3976; x_wconf 89' lang='lat' dir='ltr'>in</span> <span class='ocrx_word' id='word_1_236' title='bbox 711 3913 836 3974; x_wconf 82' lang='lat' dir='ltr'>casibus</span> <span class='ocrx_word' id='word_1_237' title='bbox 865 3909 1001 3990; x_wconf 89' lang='lat' dir='ltr'>obliquis</span> <span class='ocrx_word' id='word_1_238' title='bbox 1029 3911 1195 3974; x_wconf 87' lang='lat' dir='ltr'>numinum</span> 
     </span>
     <span class='ocr_line' id='line_1_31' title="bbox 94 4015 1194 4129; baseline 0 -31"><span class='ocrx_word' id='word_1_239' title='bbox 94 4036 298 4129; x_wconf 79' lang='lat' dir='ltr'>propriorum</span> <span class='ocrx_word' id='word_1_240' title='bbox 320 4034 478 4117; x_wconf 78' lang='lat' dir='ltr'>votalem,</span> <span class='ocrx_word' id='word_1_241' title='bbox 502 4055 597 4117; x_wconf 84' lang='lat' dir='ltr'>quam</span> <span class='ocrx_word' id='word_1_242' title='bbox 623 4015 814 4116; x_wconf 80' lang='lat' dir='ltr'>nominativi</span> <span class='ocrx_word' id='word_1_243' title='bbox 841 4031 1016 4116; x_wconf 83' lang='lat' dir='ltr'>singularis</span> <span class='ocrx_word' id='word_1_244' title='bbox 1044 4036 1194 4098; x_wconf 85' lang='lat' dir='ltr'>termine-</span> 
     </span>
     <span class='ocr_line' id='line_1_32' title="bbox 95 4159 315 4222; baseline -0.018 0"><span class='ocrx_word' id='word_1_245' title='bbox 95 4161 140 4222; x_wconf 88' lang='lat' dir='ltr'>tio</span> <span class='ocrx_word' id='word_1_246' title='bbox 164 4159 315 4222; x_wconf 88' lang='lat' dir='ltr'>eontinet.</span> 
     </span>
    </p>

    <p class='ocr_par' dir='ltr' id='par_1_8' title="bbox 225 4274 1194 4366">
     <span class='ocr_line' id='line_1_33' title="bbox 225 4274 1194 4366; baseline -0.005 -22"><span class='ocrx_word' id='word_1_247' title='bbox 225 4279 265 4344; x_wconf 90' lang='lat' dir='ltr'>V.</span> <span class='ocrx_word' id='word_1_248' title='bbox 290 4278 320 4346; x_wconf 89' lang='lat'>6.</span> <span class='ocrx_word' id='word_1_249' title='bbox 363 4274 486 4351; x_wconf 77' lang='grc' dir='ltr'><strong><em>Ὀποῖος</em></strong></span> <span class='ocrx_word' id='word_1_250' title='bbox 507 4277 591 4344; x_wconf 89' lang='lat' dir='ltr'>nihil</span> <span class='ocrx_word' id='word_1_251' title='bbox 606 4278 661 4345; x_wconf 84' lang='lat' dir='ltr'>hie</span> <span class='ocrx_word' id='word_1_252' title='bbox 676 4289 726 4343; x_wconf 88' lang='lat' dir='ltr'>est</span> <span class='ocrx_word' id='word_1_253' title='bbox 740 4279 805 4360; x_wconf 81' lang='lat' dir='ltr'>uisi</span> <span class='ocrx_word' id='word_1_254' title='bbox 819 4298 996 4366; x_wconf 87' lang='lat' dir='ltr'>pronomen</span> <span class='ocrx_word' id='word_1_255' title='bbox 1017 4278 1194 4350; x_wconf 84' lang='lat' dir='ltr'>relativum,</span> 
     </span>
    </p>
   </div>
   <div class='ocr_carea' id='block_1_5' title="bbox 0 0 1458 4874">
    <p class='ocr_par' dir='ltr' id='par_1_9' title="bbox 0 0 1458 4874">
     <span class='ocr_line' id='line_1_34' title="bbox 0 0 1458 4874; baseline 0 0"><span class='ocrx_word' id='word_1_256' title='bbox 0 0 1458 4874; x_wconf 95' lang='lat' dir='ltr'> </span> 
     </span>
    </p>
   </div>
  </div>
 </body>
</html>
