2860 4870
223 207 288 280 tte

219 405 425 481 famabatur,
449 412 557 464 tamen
579 398 924 485 plusquamperfectum
945 400 986 462 ob
1009 400 1131 462 lormae
1148 399 1330 486 longitudi.

220 547 293 590 uem
316 526 502 607 quandoque
525 523 600 584 inrle
622 541 689 584 non
718 522 947 618 deducebatur,
976 498 1033 585 sed
1055 527 1123 606 ejus
1144 522 1220 586 loco
1246 533 1331 594 aori.

163 680 168 689 ·
220 661 286 712 stus
309 650 344 710 in
367 667 425 709 risu
448 657 525 708 erat.
570 643 664 708 Hanc
685 645 946 708 cousuetudinem
964 646 1000 708 in
1018 647 1122 708 verbis
1138 649 1331 726 qtribusdarn

219 791 285 834 nou
309 773 449 834 omnium
475 769 683 847 Graecorum,
705 769 761 834 sed
783 767 1014 831 nonnullorum
1043 778 1166 832 teritum
1191 775 1330 860 scripto.

222 915 292 956 rum
316 911 513 956 communem
539 893 635 954 luisse
660 891 778 953 crudus.
821 890 984 952 Nimirum
1006 911 1063 955 suo
1082 893 1216 974 quisque
1232 902 1329 962 modo

221 1017 334 1098 lingua
355 1017 465 1076 utitur.
510 1014 581 1076 Huc
603 1013 735 1090 accedit,
759 1014 787 1074 si
810 1025 991 1097 temporum
1014 1015 1182 1077 notionem
1203 1034 1326 1104 specto-

221 1157 307 1214 mus,
337 1140 440 1218 major
469 1134 788 1219 plusquamperleeti‚
818 1153 913 1216 quam
940 1136 1075 1219 perlecti
1105 1157 1178 1200 curn
1201 1145 1317 1206 eoristo

222 1259 382 1342 coguatio.
428 1257 533 1330 Quum
563 1256 647 1316 eninr
678 1253 1023 1341 plusquamperfectum
1052 1258 1201 1342 designet
1224 1265 1315 1325 ectio·

222 1402 296 1446 uem
326 1378 502 1442 absolutam
531 1397 591 1458 quo
621 1390 763 1462 tempore
791 1377 859 1439 elia
885 1377 1114 1460 inchoabatur,
1144 1403 1205 1462 que
1233 1386 1270 1447 in
1289 1408 1325 1450 re

222 1504 314 1569 nulla
335 1502 470 1564 hebetur
492 1502 672 1598 praesentis
694 1501 848 1584 temporis
871 1502 972 1576 ratio,
995 1503 1077 1582 qtrod
1099 1524 1191 1568 secus
1219 1506 1259 1570 fit
1293 1511 1329 1573 in

223 1629 382 1714 perlecto,
404 1628 509 1706 maj0r
532 1624 685 1716 quaedam
714 1623 788 1683 indo
816 1623 1116 1709 plusquamperfecti
1144 1647 1216 1690 cum
1245 1633 1329 1693 aori-

224 1762 285 1830 sto‚
308 1767 402 1830 qurum
431 1748 564 1831 perlecti
588 1767 658 1808 cnm
681 1745 791 1808 codem
814 1759 957 1831 tempore
981 1742 1161 1830 cunjunctio
1184 1763 1218 1814 et
1239 1755 1329 1817 simi-

223 1873 324 1935 litudo
353 1871 505 1932 nascitur.
556 1869 697 1930 Proinde
726 1868 787 1930 hee
816 1889 938 1950 quoque
967 1891 1064 1934 carue
1096 1876 1232 1956 permoti
1262 1888 1331 1957 tarn

225 2007 347 2057 ueteres
371 1993 497 2070 Graeci,
520 2011 616 2072 quern
639 1992 834 2054 recentiores
857 1992 1028 2072 aliquando
1055 1995 1211 2060 eoristum
1239 1998 1330 2082 plus.

225 2116 459 2200 quamperleoto
482 2126 691 2198 praeoptatum
715 2116 749 2175 in
772 2134 833 2194 quo
857 2137 895 2177 co
913 2118 1033 2199 justior
1054 2119 1214 2180 excusatio
1237 2139 1331 2185 nunc

224 2237 453 2298 recentioribus
476 2247 541 2312 cst,
565 2237 647 2314 quod
671 2235 732 2297 hec
755 2239 881 2300 ratione
904 2239 1036 2302 molesta
1054 2237 1332 2324 plusquamperse.

165 2359 172 2374 '
197 2437 202 2450 ,
225 2361 270 2423 oti
292 2355 573 2422 circumlocutione
595 2358 640 2434 (v.
654 2377 680 2418 c.
704 2343 780 2429 εἷχα
801 2352 920 2440 γράψει
934 2380 988 2448 pro
1009 2349 1215 2438 ἐγεγράφειν),
1233 2377 1321 2436 quac

224 2481 295 2546 sola
315 2499 402 2544 nunc
423 2483 542 2543 usitata
565 2493 630 2560 cst,
653 2482 707 2544 ubi
730 2496 944 2568 opportunum
966 2483 1096 2560 videtur,
1117 2479 1327 2562 supersedere

224 2619 368 2693 possunt.
424 2603 490 2668 Sed
512 2606 607 2668 redeo
630 2605 671 2670 ud
693 2575 897 2686 erttiquorurn
921 2609 1102 2670 coriscum„
1131 2603 1194 2700 Qui
1217 2621 1330 2682 quam-

225 2749 319 2811 quem
348 2728 514 2809 singulare
543 2705 661 2792 lactum
688 2730 854 2814 exprimit,
884 2739 994 2790 tamen
1020 2747 1081 2810 pro
1103 2745 1139 2786 rc
1160 2737 1239 2788 nata
1260 2745 1331 2789 non

210 2855 331 2948 ‘minus
353 2867 514 2932 congruus
535 2861 593 2929 cst,
617 2851 767 2929 (desolo
790 2817 1137 2912 videlicet'lntlicativo
1161 2849 1246 2927 ago)
1275 2851 1330 2911 ubi

225 2977 256 3036 iul
281 2975 361 3054 quod
385 2971 555 3053 aliquando
580 2976 766 3057 contingere
788 2971 868 3038 solet
891 2981 923 3032 et
947 2969 1055 3051 queris
1078 2978 1186 3030 aetate
1203 2972 1328 3032 contin-

225 3099 299 3178 ge're
317 3107 436 3180 potest,
462 3094 568 3176 eloqui
591 3097 626 3158 iu
649 3098 758 3160 errimo
781 3109 838 3162 est.
885 3092 974 3159 Sunt
995 3093 1081 3156 euim
1103 3091 1260 3164 resolim
1277 3115 1327 3176 ge-

223 3217 474 3294 staeiruagincs
495 3219 650 3295 quaedam
673 3229 705 3278 et
727 3209 881 3296 tanquam
898 3215 1044 3300 exempla
1060 3234 1168 3278 earum
1185 3217 1328 3278 omnium

223 3347 339 3407 renuo,
364 3331 524 3414 quiaepro
548 3334 814 3396 vitaehumanae
843 3338 1029 3398 conditione
1058 3336 1108 3398 vel
1135 3319 1327 3404 immutabili

223 3457 301 3540 lege
316 3464 450 3516 naturae
467 3463 505 3516 ct
526 3471 613 3514 rrunc
635 3453 785 3515 similiter
807 3463 963 3536 geruntur
991 3465 1023 3516 et
1050 3454 1186 3540 posthac
1216 3481 1323 3544 geren.

222 3592 283 3644 tur.
324 3579 387 3642 -Est
401 3575 464 3674 ¹hic
485 3575 753 3654 celebratissimus
775 3576 832 3641 ille
855 3577 969 3640 aoristi
990 3597 1067 3643 usus
1090 3601 1131 3642 ex
1153 3580 1327 3650 Homerica

172 3785 175 3788 ,
223 3705 380 3766 sermonis
402 3701 607 3786 simplicitate
630 3703 757 3780 ductusq
779 3723 862 3784 quae
883 3693 956 3766 fiori
979 3701 1076 3765 solitu
1089 3740 1091 3744 .
1106 3714 1260 3784 tauquam
1282 3683 1327 3770 lu-

223 3840 275 3888 ere
299 3819 434 3918 nu1·rut7‘
466 3822 533 3900 seu
558 3827 700 3906 quumvis
722 3828 756 3890 is·
775 3814 942 3888 florentem
964 3826 1062 3886 etiem
1085 3824 1216 3908 linguae
1239 3840 1327 3892 aeta-

223 3959 287 4008 tem
320 3949 483 4029 attigcrit‚
512 3960 653 4014 attamen
682 3935 723 4012 ait
758 3949 1012 4016 recentissimam
1041 3949 1235 4016 memoriam
1259 3971 1327 4015 uon

221 4072 432 4154 perennavit.
485 4073 588 4146 Quem
617 4073 645 4134 si
675 4073 913 4138 cornidcreruus
941 4073 1068 4139 coristi
1087 4093 1196 4150 usuruu
1230 4073 1325 4138 lucile
