2908 4914
1177 294 1254 350 xt'n

41 435 43 452 ’
138 460 234 535 tibus
260 483 404 561 semper
427 453 669 556 usurpandam
693 465 921 550 censuerunt,
946 484 988 532 ea
1012 467 1133 534 tamen
1157 460 1246 565 lege,

137 603 178 668 ut
191 589 312 694 'prout
335 591 537 666 necessitas
562 587 619 664 vel
644 587 784 664 occasio
800 589 918 680 secret,
940 590 1057 668 indies
1078 593 1179 694 plura
1199 621 1244 671 ex

135 725 293 800 vetustis
319 721 448 795 arculis
481 727 686 792 ornamenta
720 719 1022 819 depromerentur.
1078 723 1242 804 Melioris

134 856 243 954 hujus
269 850 433 928 dictionis
459 859 583 925 auctor
611 849 849 926 Adamantius
881 852 1017 930 Coraes
1048 856 1122 930 luit.
1173 859 1242 934 Cui

135 987 211 1062 viro
235 981 481 1058 immortaliter
504 981 549 1056 de
574 981 807 1083 popularibus
838 983 932 1074 suis,
964 984 1010 1059 de
1041 988 1241 1066 recentiore

133 1115 347 1206 Graecitate,
372 1113 528 1216 denique
553 1113 599 1189 de
623 1114 753 1190 litteris
779 1115 935 1216 antiquis
961 1117 1105 1210 merito,
1133 1147 1240 1220 quem

129 1251 166 1322 in
193 1249 290 1322 omni
315 1273 446 1350 genere
470 1244 586 1321 laudis
617 1247 712 1322 inter
742 1257 888 1323 nostrae
918 1251 1045 1326 aetatis
1078 1251 1239 1328 Graecos
1271 1259 1275 1266 '

128 1389 360 1482 anteponam,
384 1378 501 1452 habeo
531 1378 718 1452 neminem.
772 1376 849 1476 Qui
879 1406 990 1479 quum
1020 1391 1120 1457 recte
1150 1383 1240 1482 judi-

30 1509 31 1518 '
128 1520 259 1601 cesset,
283 1509 355 1586 nisi
379 1508 534 1612 vulgaris
560 1533 679 1582 sermo
709 1506 947 1600 excoleretur,
978 1511 1123 1611 vulgum
1152 1539 1243 1586 nun-

129 1669 236 1743 quam
261 1641 458 1718 litterarum
488 1639 698 1743 participem
731 1664 814 1713 esse
844 1665 973 1740 posse,
1004 1651 1114 1741 atque
1144 1641 1240 1718 hunc
1350 1731 1353 1740 k

130 1800 349 1864 sermonem,
381 1800 489 1874 quem
519 1772 641 1848 multis
672 1771 801 1846 abhinc
832 1771 985 1847 saeculis
1016 1775 1085 1872 jam
1117 1786 1237 1852 natum

128 1906 229 1978 docti
254 1929 397 2003 semper
420 1902 667 2002 despexerant,
690 1902 809 2000 magni
834 1928 916 1976 esse
949 1902 995 1974 ad
1019 1907 1238 2002 perspicien-

128 2033 210 2108 dam
238 2035 440 2110 universam
464 2031 607 2133 linguae
630 2057 779 2134 graecae
802 2039 964 2105 naturam
989 2039 1176 2126 momenti,
1201 2038 1238 2112 in

126 2165 196 2240 hoe
221 2163 417 2248 excolendo
443 2188 585 2241 omnem
618 2190 738 2239 curam
769 2163 969 2264 ponendam
1001 2189 1084 2240 esse
1116 2167 1237 2245 existi-

125 2297 243 2374 marit
290 2297 429 2372 Idcirco
455 2323 518 2372 cos
545 2296 784 2397 reprehendit,
816 2295 878 2396 qui
910 2322 1058 2372 ecasca
1083 2301 1237 2402 antiqui·

52 2432 54 2445 '
124 2439 200 2506 tate
224 2437 430 2530 repeterent
452 2429 624 2507 vocabula
649 2429 782 2502 nemini
798 2428 869 2503 nisi
888 2428 1108 2506 doctioribus
1126 2431 1234 2510 hodie

51 2560 54 2577 '
127 2569 225 2648 nota,
250 2561 282 2632 si
308 2560 452 2656 quidem
474 2583 603 2630 recens
627 2557 746 2655 lingua
778 2557 843 2628 alia
874 2557 968 2628 idern
1000 2560 1234 2657 significantia

21 2694 24 2707 '
128 2687 385 2786 suppeditaret,
408 2682 465 2758 vel
483 2682 545 2783 qui
570 2683 758 2759 verborum
776 2681 1004 2759 nominumve
1022 2685 1156 2763 formas
1174 2691 1235 2767 diu

21 2835 25 2850 '
126 2819 276 2894 amissas
301 2842 343 2891 ac
368 2814 463 2917 plebi
487 2814 592 2915 plane
617 2815 757 2914 ignotas
783 2826 1005 2906 renovarent,
1023 2818 1080 2894 vel
1101 2821 1163 2920 qui
1188 2849 1233 2898 ex

21 2939 26 2984 ²
125 2951 270 3052 antiqua
305 2950 424 3051 lingua
455 2974 497 3023 ea
527 2947 718 3021 recentiori
750 2957 956 3022 ornamenta
988 2951 1230 3049 obtruderent,

125 3083 318 3182 quaesere
343 3079 497 3178 respuit,
523 3077 604 3178 quia
631 3076 698 3150 alia
723 3077 832 3153 babet
854 3104 928 3152 non
952 3081 1068 3156 minus
1094 3110 1230 3187 magna,

21 3230 25 3246 '
127 3237 219 3314 quae
245 3221 473 3286 contemnere
497 3209 659 3310 iniquum
684 3219 750 3285 est
800 3209 904 3309 Quae
931 3222 1062 3310 quanta
1088 3241 1231 3315 perver-

21 3350 25 3366 '
123 3348 212 3420 sitas
237 3345 295 3434 sit,
319 3344 357 3418 in
381 3353 525 3446 promtu
550 3367 632 3417 esse
656 3368 747 3418 reor.
804 3341 951 3418 Scilicet
981 3343 1066 3419 boni
1090 3347 1145 3422 illi
1166 3349 1229 3423 ho-

45 3529 62 3544 =.
122 3476 237 3552 mines
263 3477 348 3550 dum
373 3501 514 3550 comere
540 3475 694 3574 linguam
727 3475 885 3576 cupiunt,
917 3475 1039 3551 evulsa
1065 3476 1229 3575 pulcher-

21 3616 45 3632 ''
120 3609 209 3683 rima
234 3633 335 3682 coma
361 3608 463 3709 quasi
489 3606 706 3682 caliendrum
735 3595 771 3682 ¹ei
800 3608 998 3707 imponunt.
1052 3605 1149 3681 Sunt
1179 3619 1230 3684 ta.

120 3763 216 3828 men,
241 3739 277 3812 in
303 3742 433 3840 quibus
460 3767 480 3814 a
506 3738 621 3814 Corae
645 3739 750 3815 nobis
780 3735 1066 3813 dissentiendum
1098 3747 1135 3812 et
1164 3768 1228 3842 po·

21 3880 26 3891 '
120 3865 281 3967 pularem
306 3868 473 3968 loquendi
499 3898 632 3965 morem
659 3871 831 3948 adversus
856 3869 934 3965 ejus
961 3867 1227 3950 emendationes

21 4024 23 4044 ’
121 3996 384 4073 defendendum
400 4012 576 4101 putemus.
613 4003 668 4078 Cs.
686 4011 827 4100 praeter
844 3999 928 4074 alias
948 4001 1103 4076 ultimam
1122 4004 1229 4078 Com·

120 4130 285 4206 mentarii
309 4131 426 4207 nostri
451 4131 724 4207 adnotationem.
749 4165 752 4170 ¹
774 4132 899 4210 Corais
915 4132 1107 4209 dictionem
1118 4135 1227 4228 ¹multi

50 4269 54 4321 ἒ
121 4265 327 4363 probarunt,
345 4290 499 4367 eumque
516 4274 686 4366 tanquam
702 4267 938 4368 legislatorem
958 4266 1116 4342 venerati
1135 4271 1230 4336 sumt.

877 4404 892 4438 a
916 4405 929 4435 a
