2860 4870
1122 269 1192 346 199

83 457 186 541 qualis
208 456 263 521 hio
285 467 335 521 est
357 447 506 537 ἐσμίξασι
527 473 587 541 pro
612 441 756 536 ἐ’σμιξαν,
772 451 899 522 loeutus
913 475 984 522 sum
1001 461 1042 523 ad
1060 483 1139 527 vers.
1154 464 1185 532 9.

81 581 316 668 ‘accipiendum
349 588 400 643 est
433 568 582 656 ε’σμίξασι
618 577 824 643 intransitivo
857 579 1054 664 significatu.
1099 585 1187 654 Nam
1307 581 1316 592 ”

79 705 266 785 frequenter
287 691 395 782 σμῖγω
416 718 470 762 me
490 695 612 764 misceo
640 699 723 762 verti
749 710 865 786 potest.
911 704 1035 796 Quodsi
1057 708 1186 777 initium

78 824 197 911 proelii
212 826 284 906 jam
305 824 424 886 iaotum
446 832 545 902 esset,
574 832 732 887 verterem
754 811 904 899 ε’σμῖξασι
924 842 1046 889 mantas
1073 847 1184 896 conse.

80 952 229 1010 ruerunt.
267 945 315 1010 At
337 946 478 1008 nondum
500 954 656 1032 pugnant,
680 943 713 1005 id
736 942 819 1024 quod
842 964 883 1007 ex
904 949 1108 1026 sequentibus
1129 971 1185 1036 pa.

79 1078 134 1132 tet.
177 1069 281 1132 Porro
310 1066 372 1132 hoo
399 1069 496 1132 verbo
522 1064 753 1155 paraphrastes
780 1077 892 1129 noster
918 1068 1025 1132 reddit
1046 1090 1127 1152 quoe
1148 1072 1185 1138 in

78 1188 254 1277 archetypo
276 1210 357 1254 vers.
382 1186 446 1255 194
473 1188 522 1253 sio
543 1198 679 1253 sonent:
707 1174 769 1246 stet
789 1175 854 1268 γὰρ
880 1179 1084 1273 ἀγχέμαχοι,
1106 1193 1206 1258 stant

78 1307 165 1374 enim
188 1307 339 1375 consinus
356 1318 562 1398 pugnantes,
585 1310 668 1392 quod
686 1309 812 1390 quidem
827 1310 1003 1398 improprie
1024 1315 1063 1378 de
1077 1316 1120 1379 iis
1136 1317 1183 1382 di-

78 1446 164 1496 otum
187 1433 289 1497 videri
311 1433 426 1519 possit,
450 1433 504 1514 qui
525 1421 675 1495 nondum‘
689 1441 853 1517 pugnant3
874 1433 932 1496 sed
954 1440 1104 1515 quoniam
1126 1429 1184 1518 ἆγ-

75 1547 225 1634 χέμαχος
246 1555 438 1639 adjectivum
460 1564 519 1633 est,
543 1573 615 1616 eum
638 1553 762 1616 indicet
790 1553 855 1638 qui⁴
873 1556 1017 1619 eominus
1038 1575 1184 1643 pugnare

76 1677 171 1756 solet,
194 1677 224 1739 si
245 1687 378 1762 pugnat
430 1678 536 1752 Quum
558 1676 659 1758 igitur
680 1687 814 1758 utraque
836 1675 924 1740 acies
946 1678 1088 1742 nondum
1110 1699 1185 1744 oon·

74 1798 208 1878 dixerit,
232 1798 306 1879 quid
328 1806 430 1860 restat
452 1797 550 1877 aliud,
574 1817 669 1880 quam
683 1809 719 1861 ut
736 1788 884 1878 ἕσμῖξασι
899 1808 1074 1864 tenemus:
1090 1797 1185 1866 acies

74 1916 259 1983 adtnodum
280 1915 370 1982 iuter
392 1937 429 1982 se
446 1915 664 2006 propinquae
684 1925 779 1996 sunt;
805 1919 882 1983 lieet
902 1920 1107 1986 manifestum
1128 1922 1183 2004 sit,

73 2043 203 2106 Zenum
231 2039 286 2104 hie
312 2059 381 2104 non
407 2042 488 2105 satis
519 2052 594 2127 apte
621 2039 763 2104 loentum
789 2061 869 2105 esse.
902 2075 947 2090 -
979 2034 1180 2123 λαβωβοῢμέ

72 2164 253 2248 vulgariter
273 2183 332 2248 pro
354 2159 554 2242 λαβωβῶμευ
578 2162 696 2249 lpers.
718 2161 763 2248 pi.
786 2181 854 2228 aor.
877 2165 961 2248 oonj.
983 2185 1069 2251 pass.
1092 2167 1182 2230 verbi

74 2286 192 2350 novitii
213 2271 339 2365 λαβᾶυω
361 2287 612 2380 transpositione
633 2283 793 2349 vooalium
820 2294 860 2349 et
879 2285 1057 2350 insertione
1084 2281 1142 2348 rot
1161 2308 1182 2348 o

73 2427 116 2472 ox
142 2408 347 2490 antiquorum
374 2397 505 2484 λωβάω,
534 2411 625 2489 eujus
652 2405 724 2469 loeo
746 2396 912 2485 λωβάομαι
933 2408 1087 2470 usitatius
1108 2408 1180 2487 fuit,

74 2529 216 2593 formati.
260 2527 303 2588 ln
331 2526 482 2589 citeriore
511 2525 708 2587 Graecorum
734 2522 848 2606 lingua
875 2514 1003 2602 λαβὸνω
1031 2525 1181 2608 designat

75 2643 207 2724 saucio,
228 2641 378 2710 vulnero.
889 2725 890 2730 ἵ

207 2766 252 2832 V.
274 2764 349 2832 339.
394 2760 486 2826 πᾶσα
514 2753 589 2835 ἕνας
609 2762 694 2828 idem
722 2762 806 2847 quod
832 2760 925 2826 πᾶσα
956 2749 1015 2844 εἴς,
1049 2763 1089 2828 de
1118 2785 1180 2848 quo

74 2893 128 2976 egi
150 2891 192 2956 ad
213 2909 296 2953 vers.
322 2887 395 2954 197.
418 2920 463 2941 -
483 2877 593 2970 χαρὰν
613 2875 745 2971 μεγάλη’
769 2874 814 2948 νά
832 2877 888 2972 ’κῃ
908 2885 931 2952 i.
946 2909 974 2954 e.
997 2875 1107 2967 καρᾶν
1126 2907 1186 2980 poso

72 3003 178 3095 ydtno
198 3003 242 3073 od
264 2997 334 3093 ἵκῃ·
463 3049 469 3052 -
1145 3021 1153 3030 ”

136 3215 139 3226 ¹
205 3133 250 3196 V.
270 3131 347 3200 333.
392 3125 543 3193 ὼοοῢσαν
574 3127 671 3195 metri
705 3149 806 3197 causo
831 3149 892 3217 pro
921 3115 1071 3191 ἄοωυσαν
1096 3130 1121 3196 i.
1150 3152 1178 3195 e.

71 3244 229 3332 ἤκουσαν.

206 3373 249 3440 V.
272 3374 346 3442 331.
392 3366 514 3460 πήγασι
540 3374 563 3440 i.
585 3395 613 3440 e.
635 3371 744 3458 πῆγαν
764 3373 815 3439 vel
837 3367 959 3457 ἐπῆγαν
986 3373 1007 3440 3
1029 3395 1112 3463 pers.
1136 3374 1178 3462 pi

73 3522 141 3567 aor.
172 3501 239 3564 ind·
270 3500 358 3564 verbi
384 3491 528 3581 πηγαίνω
555 3517 597 3563 ax
624 3490 785 3579 ἓπιβαίυω,
808 3497 859 3561 vel
881 3498 965 3577 quod
987 3496 1072 3558 idom
1094 3496 1180 3579 apud

72 3623 270 3686 recentiores
291 3631 351 3700 est,
373 3608 477 3702 πάγω,
500 3639 542 3682 ex
564 3620 695 3698 antiquo
717 3605 834 3696 ὑπάγω
854 3601 1037 3678 nati-oi
1051 3633 1102 3694 eo,
1117 3632 1179 3695 quo

74 3743 131 3808 hio
152 3743 293 3828 ponitur,
316 3761 415 3807 sensu
431 3745 503 3826 ‘jam
524 3739 662 3823 legimus
683 3736 818 3819 Dialogi
839 3755 919 3800 vers.
941 3733 971 3800 9.
993 3767 1038 3780 -
1059 3729 1181 3812 δωροῦ.

75 3883 143 3924 σαν
163 3861 339 3945 vulgariter
358 3885 419 3953 pro
441 3860 629 3945 seopotnan
649 3859 711 3941 (es.
733 3878 813 3923 vers.
835 3853 911 3937 95),
933 3853 1064 3938 entique
1086 3846 1179 3926 ised.
1280 3896 1283 3914 ,

76 4005 156 4068 poen
181 3981 202 4049 3
225 4003 310 4070 pers.
338 3985 383 4071 pl.
410 3987 492 4073 Imp.
520 3984 586 4047 ind.
614 3993 675 4048 aet
703 3981 791 4045 verbi
818 3974 922 4060 ὲωρό.
964 3975 1017 4046 Ι)ο
1037 3973 1100 4044 hoo
1121 3978 1179 4044 int·

77 4108 296 4195 perfectorum
319 4105 405 4170 flexu
426 4109 466 4169 oi.
487 4109 654 4170 observata
675 4104 718 4169 ad
739 4122 820 4167 vers.
841 4099 917 4167 910.
963 4143 966 4150 ·
1003 4170 1008 4186 Ι

210 4227 253 4294 V·
275 4227 352 4298 335.
398 4219 577 4291 toenitae
597 4226 692 4294 metri
714 4242 813 4293 taust
832 4240 891 4314 pro
915 4208 1099 4282 e’oo'tiouoow.

769 4343 776 4352 ⁸
930 4343 951 4410 9
