2870 4874
1135 401 1183 474 67

75 571 181 634 tinum
209 568 359 635 luridum
388 572 457 639 sive
486 565 638 654 lordum,
666 578 749 660 quod
780 579 877 646 hodie
911 605 1030 670 graeee.
1062 590 1181 660 dieitur

71 685 168 774 λαρδὶ
201 693 252 757 vel
278 683 416 772 λαρδίαυ.
466 694 598 761 Priores
629 695 745 762 Graeci
773 714 807 766 et
833 693 948 785 idquae
976 731 1179 799 usurparunt,

43 815 46 821 ’
72 815 127 877 Cf.
149 815 300 896 Ducang.
323 813 427 879 Gloss.
448 818 529 882 med.
558 829 601 882 et'
619 818 678 882 ini.
701 839 751 904 gr.
775 822 866 888 Tom.
889 826 916 889 1.
938 849 1013 914 pag.
1036 831 1110 900 790.
1133 872 1179 891 ..-

72 926 173 1014 ρηγὸς
194 933 285 1020 regis
306 935 410 1001 latina
433 959 504 1005 vox.
553 940 667 1024 Neque
693 941 799 1008 solum
826 935 896 1024 ῥὴξ,
924 951 982 1013 sed
1009 955 1107 1020 etiam
1128 952 1178 1040 dd.

73 1078 149 1137 yae,
171 1055 227 1118 rod
246 1050 331 1139 ῥήγα
352 1061 400 1123 sio
423 1073 605 1149 usurpatur.
657 1063 743 1129 Vide
765 1064 854 1135 looos
876 1089 896 1134 a
917 1071 1088 1160 Dueangio
1110 1079 1133 1144 l.
1157 1082 1177 1147 l.

72 1178 166 1240 Tom.
189 1179 232 1242 11.
256 1201 329 1267 pag.
354 1179 440 1247 1993
462 1183 589 1249 allatos.
633 1219 678 1232 -
722 1182 889 1272 ἓτυγατέρα
916 1194 937 1257 i.
966 1218 993 1259 e.
1022 1193 1176 1286 ὲυγᾷνηρ.

69 1299 159 1364 Vide
181 1303 224 1366 ad
245 1322 327 1366 vers.
350 1301 403 1370 98.

205 1422 326 1488 V.=5i.
370 1418 398 1486 κ’
428 1416 494 1486 εἶσέ
520 1448 580 1515 pro
608 1421 665 1490 καὶ
687 1426 741 1510 εἷς,
762 1433 784 1496 i.
808 1454 835 1496 e.
858 1426 914 1496 καὶ
936 1433 979 1500 ἐν.
1026 1395 1074 1508 ils.
1095 1466 1176 1528 quae

69 1546 309 1610 observavimus
330 1547 373 1613 ed
395 1547 517 1633 dialogi
539 1570 618 1617 vers.
642 1551 674 1616 9.
703 1588 747 1602 -
780 1545 905 1636 καλύβη
927 1560 949 1622 i.
972 1581 1000 1623 e.
1023 1555 1175 1646 καλύβην.

68 1699 113 1712 -
137 1653 191 1740 ὅχι
211 1687 290 1744 nou,
314 1680 421 1733 ortum
443 1691 485 1733 ex
506 1674 639 1757 antiquo
661 1666 744 1747 οὐχί.
793 1677 846 1741 De
868 1681 1055 1748 discrimine
1076 1692 1176 1774 parti.

68 1789 214 1856 cularum
235 1791 459 1874 negativarum
480 1778 550 1870 6χι,
571 1786 627 1856 dio
648 1807 681 1861 et
702 1788 746 1876 μὴ
774 1797 925 1865 disseruit
952 1802 1116 1885 Rusiades
1138 1814 1176 1877 in

68 1912 179 1976 Praet.
220 1912 363 1979 Gramen.
401 1914 458 1977 deu
495 1915 781 2014 neultellenisoben
819 1918 967 2008 Spvaohe
1003 1929 1094 2004 Tom.
1129 1934 1173 1999 Π.

69 2051 145 2116 pag.
170 2029 236 2095 ‘idi
258 2052 344 2114 seqq.
389 2066 433 2078 -
476 2027 508 2114 μ’
530 2029 642 2120 ὀλίγον
663 2029 761 2101 sednon
781 2042 803 2108 i.
825 2064 854 2106 e.
875 2036 918 2136 μξ
940 2039 1049 2130 ὀλίγον
1068 2043 1173 2117 κόπου,

68 2153 119 2216 Cf.
142 2125 299 2218 adnotata
320 2155 361 2218 ad
383 2176 464 2220 vers.
491 2157 543 2250 16.

201 2275 244 2338 V.
267 2274 319 2340 59.
358 2280 486 2359 τροφαῖς
500 2281 580 2350 Aoo·
595 2282 639 2368 pl.
666 2282 715 2346 Cf.
732 2304 812 2366 quae
830 2289 969 2356 diximus
986 2296 1123 2363 advers.
1138 2300 1168 2368 :t

66 2431 105 2444 -
123 2390 202 2459 duod
216 2390 261 2458 ’oe
277 2399 335 2464 i.e..
349 2393 428 2462 ὁποῢ
438 2388 497 2462 iva.
531 2403 618 2467 Vide
641 2405 882 2475 adnotationem
904 2415 947 2477 ad
968 2435 1049 2480 vers.
1065 2417 1086 2482 9
1103 2421 1169 2485 dia-

64 2519 143 2602 logi.
186 2519 240 2582 Ex
259 2531 409 2604 eorrupto
432 2509 566 2595 beabo,
588 2523 674 2601 quod
697 2522 831 2590 Crusius
853 2529 965 2610 babet,
993 2533 1068 2598 eliei
1095 2557 1170 2618 quo-

67 2661 128 2721 que
151 2631 292 2696 beob’o
312 2639 335 2700 i.
359 2658 386 2699 e.
410 2631 490 2696 ὀποῦ
512 2624 557 2698 ism
579 2650 698 2724 posset,
720 2643 777 2706 sed
797 2636 877 2706 6ποῦ
895 2640 952 2706 ’νιε
980 2651 1057 2715 ferri
1079 2655 1170 2720 nullo

67 2759 165 2825 modo
187 2768 302 2844 potest,
326 2756 402 2823 lieet
423 2759 509 2822 idem
530 2761 679 2827 mendum
707 2766 836 2852 saepius
863 2770 900 2835 in
926 2768 991 2836 hoe
1018 2777 1169 2863 opusculo

65 2881 106 2946 ab
128 2879 303 2948 editoribus
324 2893 485 2952 servatum
506 2883 559 2948 sit

196 3000 238 3064 V.
263 3001 316 3068 53.
361 3003 413 3068 De
427 2993 567 3084 καρύδια
581 3007 620 3070 oi.
637 3027 717 3089 quoe
734 3012 969 3082 observavimus
984 3020 1024 3084 ad
1036 3042 1115 3086 vers.
1134 3021 1165 3088 6.
1208 3005 1211 3015 ’

64 3159 108 3172 -
129 3123 181 3188 De
202 3119 285 3203 μετὰ
304 3125 376 3188 vide
399 3125 639 3190 adnotationem
661 3130 703 3193 ad
724 3150 807 3195 vers.
832 3133 881 3202 16.
904 3171 949 3184 -
976 3133 1187 3224 iaoroxoioaeo'

64 3245 120 3310 hio
148 3254 306 3311 vocantur
333 3265 414 3326 quae
441 3249 573 3329 antiquo
600 3263 718 3316 sonant
745 3248 950 3340 ieueoadqva.
1004 3260 1165 3330 Similiter

64 3349 181 3434 Graeci
202 3385 288 3430 nuno
310 3368 345 3432 in
367 3368 494 3453 vulgari
515 3391 664 3439 sermone
683 3374 838 3442 ¹adhibent
859 3371 1034 3470 ndovopro
1049 3377 1163 3465 κόπτω,

62 3483 165 3568 odoro
177 3510 236 3576 pro
251 3483 359 3567 orioro,
380 3486 512 3571 κλέφτης
523 3514 581 3580 pro
591 3489 730 3575 κλέπτης,
753 3491 832 3577 iord
842 3523 902 3587 pro
914 3497 1002 3578 iord,
1014 3511 1104 3588 eujus
1114 3510 1163 3571 vei
1185 3593 1187 3598 λ

62 3613 141 3675 etin
156 3612 420 3698 inscriptionibus
437 3616 580 3698 antiquis
598 3619 698 3709 multa
714 3619 996 3705 deprehenduntur
1015 3625 1161 3707 vestigia.

191 3730 234 3792 V.
257 3729 310 3796 54.
356 3734 397 3797 ln
418 3737 602 3800 recentiore
628 3738 741 3822 lingua
768 3730 865 3810 καλὸς
891 3761 1018 3828 semper
1044 3746 1163 3831 aoeipi.

60 3865 115 3918 tur
135 3868 200 3938 pro,
216 3849 317 3927 bono,
338 3872 502 3937 nunquam
523 3878 582 3944 pro
601 3857 765 3944 puledium·
782 3857 926 3945 pulcher
947 3863 1033 3927 enim
1054 3867 1160 3954 appel-

61 3973 147 4036 latur
179 3963 292 4051 ὦραῖος
323 3973 375 4037 vel
401 3962 563 4056 εὔμορφος.
613 3981 663 4044 Cf.
692 3981 812 4045 ‘corais
845 3979 962 4043 ’maxa
995 3987 1084 4052 Tom.
1113 3989 1157 4056 ΙΙ.

61 4113 132 4180 pag.
156 4091 229 4158 169.
1017 4123 1019 4126 ·

190 4211 231 4279 V.
254 4213 307 4280 55.
352 4213 405 4280 De
427 4237 504 4280 vooe
521 4214 603 4298 vobo
622 4220 692 4284 vide
713 4221 819 4286 adnot.
832 4225 878 4288 'ed
893 4227 1015 4311 dialogi
1030 4247 1112 4292 vers
1124 4227 1155 4291 9

62 4366 104 4384 -··
124 4320 207 4394 data
227 4335 440 4404 Aoeusativus
461 4359 521 4426 pro
542 4340 671 4407 Dativo.
697 4379 737 4392 -
759 4336 894 4426 περισσά
914 4360 1018 4412 neutr.
1034 4348 1076 4432 pl.
1098 4366 1156 4429 pro

138 4487 155 4523 ι
810 4466 859 4530 5*
