2908 4914
1130 311 1213 362 xum

112 509 183 584 que
207 509 227 558 a
252 479 402 558 Graecis
425 503 547 579 neque
572 475 615 552 ab
632 477 836 580 almigenis
860 479 905 556 dc
922 479 1086 556 citeriore
1101 478 1214 556 Grde

111 617 218 691 citato
243 615 417 716 scriptum
441 618 564 684 nostra
589 607 670 684 tulit
694 621 801 700 actes,
825 611 892 686 sed
916 639 1040 714 magna
1058 619 1143 716 pars
1158 637 1214 687 re·

109 773 189 824 rum
215 773 235 820 a
261 745 379 820 Corae
409 739 648 842 expositarum
682 741 845 816 inchoata
875 745 988 842 magis
1019 769 1124 843 quam
1155 743 1215 817 ab·

111 878 229 952 soluta
254 884 321 950 est
369 873 495 972 Itaque
519 870 590 946 hoc
613 881 724 972 opere
754 871 832 948 aliis
862 873 1042 948 scribendi
1071 873 1215 950 faculta-

111 1018 185 1083 tem
209 1033 281 1082 nan
310 1003 514 1108 praeripuit,
539 1001 605 1078 sed
625 1003 807 1102 praebuit
940 1045 943 1052 λ

253 1135 395 1227 Exite,
429 1161 521 1236 quae
546 1133 592 1208 de
614 1132 807 1214 lonicorum
832 1134 1213 1238 grammaticorumquc

110 1255 280 1344 librorum
296 1267 416 1343 indole
432 1267 523 1370 dixi,
538 1267 713 1368 consequi
736 1267 912 1356 existimo,
936 1275 978 1342 ut
1002 1293 1153 1370 magnus
1176 1267 1215 1342 m

110 1399 180 1473 hac
203 1398 386 1474 doctrinae
405 1407 509 1498 parte
519 1397 618 1472 labor
631 1398 845 1474 etiam-nnnc
867 1397 986 1472 doctis
1011 1396 1215 1474 hominibus

109 1529 257 1605 relictus
274 1530 332 1605 sit.
357 1528 505 1618 Verum,
522 1538 564 1603 ut
582 1529 738 1604 breviter
761 1527 886 1618 dicam,
910 1527 999 1628 quid
1017 1528 1100 1602 *lieri
1113 1553 1217 1633 goon-

111 1671 195 1752 teat,
207 1659 387 1760 Ducangii
406 1625 629 1736 Glossaridm
648 1659 702 1736 sic
717 1658 845 1734 iterum
858 1657 1036 1733 edendum
1053 1667 1152 1760 puto,
1176 1667 1218 1734 nt

98 1792 273 1896 'excussis
301 1791 428 1868 denuo
446 1817 537 1891 qnos
563 1801 688 1866 auctor
712 1817 797 1891 prae
821 1790 983 1866 manibus
1008 1789 1133 1866 habuit
1157 1815 1217 1866 co·
1298 1813 1304 1834 “

112 1923 442 2012 dicibusParisinis‚
455 1922 604 1996 sublatis
629 1922 794 1998 omnibus
820 1925 898 2018 ejus
922 1920 1062 1998 mendis
1088 1920 1216 2000 adoria

74 2061 84 2077 ⁶
114 2077 185 2152 que
197 2049 379 2128 vocabulis
405 2059 442 2125 et
466 2050 636 2151 loquendi
661 2049 860 2150 generibus,
886 2075 979 2151 quae
1003 2075 1101 2124 nunc
1116 2049 1218 2150 apud
1341 2053 1350 2066 '

111 2183 272 2258 Graecos
302 2182 348 2258 in
374 2207 445 2258 usu
474 2192 560 2262 sunt
590 2191 629 2256 et
653 2207 746 2282 quae
770 2180 865 2282 apud
895 2185 1059 2258 auctores
1089 2207 1110 2257 a
1140 2181 1218 2273 Dn7

110 2314 236 2416 cangio
264 2339 337 2390 non
369 2315 481 2391 lectos
497 2313 757 2405 inveniuntur,
787 2313 980 2390 thesaurus
1010 2313 1149 2392 mediae
1179 2307 1241 2390 ct‘
1282 2287 1289 2344 3

108 2446 265 2521 recentis
282 2445 555 2523 Graecitatisin
577 2447 796 2522 'eruditorum
810 2445 992 2522 hominum
1011 2455 1117 2522 usum
1133 2453 1219 2522 conl

111 2586 281 2650 struatur.
341 2577 454 2673 Quod
487 2555 689 2671 negotium,
719 2585 761 2648 ut
793 2575 892 2649 docti
926 2575 1109 2653 Gallorum
1140 2577 1218 2664 ¹tiri,

16 2729 25 2740 ·
113 2705 245 2804 quibus
267 2703 420 2778 istorum
446 2701 607 2776 codicum
639 2704 740 2804 copia
773 2713 846 2794 cst,
876 2702 1085 2805 suscipiant,
1104 2703 1220 2782 'vene

9 2817 10 2820 Ἴ
111 2844 251 2910 menter
265 2839 448 2934 optamus.
503 2831 545 2910 si
569 2834 652 2936 quis
682 2860 769 2912 vero
801 2835 1077 2930 Grammaticarn
1105 2835 1219 2938 philo

110 2965 224 3067 logiae
249 2967 368 3055 statui,
395 2966 509 3067 qualis
534 2975 660 3040 nostro
686 2976 849 3068 tempore
880 2977 954 3057 est,
985 2978 1104 3068 aptam
1134 2987 1218 3044 cont

111 3097 268 3172 scribere
292 3097 400 3186 volet,
425 3097 460 3170 ei
472 3117 556 3169 'non
574 3095 690 3172 solum
706 3107 887 3197 quotquot
905 3103 1099 3199 superadnt
1115 3101 1219 3176 scho-

111 3229 251 3316 liastae,
288 3225 518 3326 grammatici,
554 3225 795 3330 lexicographi
819 3239 961 3307 veteres
992 3253 1037 3304 eo
1068 3231 1218 3309 consilio

111 3357 358 3462 pervolutandi
375 3361 545 3450 suntet
570 3359 662 3461 quae
683 3358 736 3435 illi
766 3361 812 3436 dc'
843 3363 1018 3438 sermonis
1046 3363 1165 3439 'vitiis'
1181 3373 1219 3440 et

112 3492 158 3564 de
182 3490 319 3592 vulgari
342 3490 516 3592 loquendi
541 3487 800 3568 cousuetudine
831 3493 956 3568 dicunt
984 3493 1069 3568 inde
1098 3518 1219 3570 circen.P

111 3631 183 3722 pat,
209 3623 275 3698 sed
300 3623 406 3698 eliam
430 3624 683 3724 inscriptiones
708 3626 875 3728 antiquae
889 3633 938 3699 -et
961 3622 1113 3740 manime
1129 3625 1219 3722 tnti-

113 3752 261 3852 quitatis
299 3777 341 3832 ao
377 3756 484 3830 medii
518 3756 597 3834 aevi
632 3755 848 3859 scriptorum
883 3781 967 3860 pars
1002 3754 1140 3830 intente
1170 3754 1219 3832 le*

113 3880 231 3985 genda
256 3895 322 3957 est.
377 3883 382 3916 ²
427 3885 432 3894 ’
512 3935 515 3942 -
563 3926 566 3935 =
936 3889 940 3900 ⁴

261 4011 458 4112 Equidem,
499 4041 544 4090 ex
587 4019 660 4117 quo
697 4015 854 4116 vulgaris
888 4017 1064 4096 sermonis
1100 4023 1220 4120 graeci

12 4249 13 4254 Ἰ
114 4145 370 4248 praestantiam
396 4147 556 4244 cognovi,
583 4158 620 4222 ot
645 4157 779 4248 quanto
803 4147 862 4224 ille
885 4149 1110 4250 antiquarum
1127 4151 1221 4226 litte*

115 4302 234 4354 rarum
264 4276 438 4356 studiosis
464 4277 657 4378 'praesidio
674 4289 712 4356 et
741 4281 927 4368 commodo
958 4269 1011 4358 sn
1041 4283 1221 4382 pomponia
