2870 4874
252 171 301 244 to

253 357 388 441 ονόὲπυ.
431 360 554 428 Hister.
578 359 749 450 Apollonii
772 359 867 442 Tyrii
888 352 916 419 κ’
948 349 1006 420 iva
1033 351 1130 422 uati
1151 351 1193 420 od
1216 353 1371 422 erimar

252 485 297 560 εἷς
318 474 359 548 rol
377 474 464 546 ’etad
485 501 542 544 roo
562 476 667 564 κέρια,
688 501 782 566 quem
804 480 910 546 loourn
932 481 1079 566 Duoang.
1102 482 1199 566 gloss.
1223 484 1308 547 med.
1331 499 1370 551 et

253 611 310 678 inl.
334 627 383 694 gr.
405 626 478 694 pag.
505 601 599 672 1139.
624 605 760 670 laudens
782 603 868 668 male
889 605 1021 691 scripsit
1041 594 1147 679 κλειδή
1167 625 1218 665 να.

383 719 526 807 deodrico
548 729 569 791 i.
594 749 622 791 e.
651 715 894 809 oivatpmoim
946 727 1113 802 Quomodo
1140 723 1276 813 legendi
1304 748 1368 794 no.

253 856 299 920 tio
322 855 358 916 in
382 850 444 914 hoe
466 850 654 915 vocabulum
677 849 771 914 illata
792 850 845 929 sit,
869 849 1005 912 sortasse
1027 868 1096 912 non
1117 849 1249 914 diffieile
1272 851 1365 917 dietu

252 987 313 1040 est.
335 961 479 1052 δοαβάζω
500 993 569 1037 non
591 973 742 1036 existimo
762 991 820 1058 pro
844 972 1020 1056 composito
1035 973 1253 1053 antiquissimi
1270 979 1362 1039 verli

177 1149 185 1160 .
253 1087 363 1180 βάζειν
384 1089 477 1178 loqni
498 1093 682 1158 habendum
704 1113 785 1173 esse,
807 1093 864 1155 sed
886 1093 972 1156 idem
993 1094 1092 1156 luisse
1107 1094 1259 1179 primitus
1274 1100 1361 1178 quod

250 1209 426 1298 διαβαδίζω
453 1227 487 1280 et
513 1207 669 1294 διαβαίυω
697 1215 718 1278 i.
743 1235 769 1277 e.
799 1222 949 1295 transeo,
983 1219 1073 1299 eujus
1105 1215 1358 1298 significationis

250 1342 415 1430 praesidia
436 1359 509 1403 oum
530 1337 672 1418 aliunde,
695 1350 764 1402 tum
786 1357 827 1400 ex
848 1333 1051 1401 substantivo
1072 1323 1171 1416 βάδος
1194 1338 1255 1418 (el.
1281 1340 1357 1405 Ari.

250 1460 356 1550 steph.
380 1481 430 1525 av.
453 1457 525 1541 12.)
548 1461 615 1546 peti
637 1471 782 1546 possunt.
817 1460 941 1535 Quodsi
955 1458 1120 1546 probabile
1135 1471 1193 1539 est,
1211 1452 1357 1540 διαβάζω

250 1585 380 1673 proprie
402 1581 540 1647 voluisse
564 1585 762 1661 tantundem,
786 1592 938 1662 quantum
959 1572 1131 1659 διαβαίνω,
1153 1584 1278 1648 nemini
1301 1586 1355 1649 du-

250 1709 338 1773 bium
360 1707 434 1783 erit,
457 1706 534 1785 quin
557 1726 598 1767 ex
620 1698 822 1767 transeundi
850 1714 1010 1787 potestate
1038 1699 1174 1789 legendi
1201 1706 1250 1768 vis
1279 1727 1355 1772 mox

251 1831 408 1894 exsistere
429 1826 581 1912 potuerit,
605 1847 686 1908 quae
708 1825 868 1912 posterior
895 1826 1031 1906 mansit,
1054 1824 1131 1889 lieet
1153 1828 1242 1912 prior
1263 1850 1354 1915 pror.

250 1973 305 2016 sus
327 1949 502 2014 evanuerit.
547 1947 623 2010 Non
646 1947 742 2012 aliter
765 1946 888 2010 Gellius
911 1946 982 2028 IX,
1006 1944 1036 2011 lt.
1060 1947 1183 2012 loeutus
1206 1961 1264 2031 est,
1282 1955 1352 2034 qui:

251 2092 335 2153 „eos
361 2070 462 2133 libros
485 2089 606 2148 omnes,
634 2071 756 2149 inquit,
786 2070 905 2133 duabus
933 2070 1091 2156 proximis
1112 2071 1257 2135 noctibus
1280 2093 1349 2154 our-

248 2194 310 2258 sim
331 2187 494 2254 transeo”
516 2188 549 2251 h.
565 2211 592 2252 e.
615 2188 756 2273 perlego.

381 2308 425 2371 V.
448 2307 478 2372 5.
523 2307 581 2390 rori
612 2299 797 2386 σοφώτατον
824 2313 919 2375 metri
947 2333 1044 2379 eausa
1071 2333 1129 2400 pro
1156 2302 1346 2390 oopnudroo.

248 2436 335 2500 Nem
357 2427 542 2496 Demetrius
557 2433 668 2496 Zenus
689 2433 813 2519 pariter
835 2445 930 2517 atque
952 2437 1012 2502 alii
1034 2448 1156 2524 poetae,
1172 2437 1225 2518 qui
1239 2435 1349 2522 politi-

250 2558 296 2622 cis
318 2554 460 2620 versibus
483 2556 535 2618 usi
557 2566 642 2636 sunt,
665 2557 760 2618 metri
783 2577 880 2622 eausa
902 2573 1090 2626 accentuum
1104 2561 1211 2624 sedem
1227 2571 1350 2624 mutare
1414 2569 1415 2576 ’

193 2709 198 2720 =
248 2699 413 2761 nunquam
447 2678 681 2758 reformidavit,
718 2683 809 2763 eujus
843 2686 973 2764 generis
1006 2682 1105 2745 multa
1138 2682 1287 2768 exempla
1318 2694 1353 2746 et

233 2800 405 2900 'Carmina
433 2797 644 2883 populariae
670 2801 829 2867 Faleriale
858 2802 1004 2880 (Chants
1033 2799 1219 2904 populaires
1249 2806 1289 2865 de
1317 2805 1354 2868 la

248 2921 350 2984 Greee
372 2919 534 2999 moderna,
557 2923 719 2988 reeueillis
741 2936 774 2988 et
794 2920 916 3006 publius
937 2917 1057 3003 perc.
1079 2916 1218 2980 Fauriel.
1248 2919 1353 2988 Deux

248 3053 359 3104 tomes.
405 3041 425 3103 a
459 3041 554 3106 Paris
588 3041 673 3108 1821
707 3057 740 3108 et
775 3039 886 3122 1825.)
918 3041 1006 3106 edita
1043 3040 1218 3104 continent.
1276 3042 1352 3109 Etsi
1412 3103 1413 3106 ,

245 3166 332 3228 enim
353 3163 556 3250 politicorum
579 3187 726 3230 versuum
748 3165 831 3228 ratio
853 3164 1005 3251 postulat,
1028 3178 1064 3230 ut
1086 3175 1199 3253 poetae
1221 3165 1257 3227 in
1273 3185 1350 3228 eon·
1412 3134 1413 3149 ¹

246 3283 358 3349 dandis
388 3284 483 3368 hujus
511 3291 641 3371 generis
668 3287 865 3352 earininihus
892 3290 1057 3352 verborum
1086 3297 1252 3351 noeentum
1276 3273 1348 3350 tnd-

246 3426 340 3489 quam
362 3425 508 3470 normam
531 3422 719 3492 sequantur,
742 3408 792 3471 illi
813 3419 923 3471 tamen
945 3409 1028 3469 mira
1055 3423 1285 3483 nonnunquam
1309 3409 1349 3471 li-

209 3586 215 3601 ,
244 3530 351 3593 centia
377 3529 440 3593 sibi
468 3542 573 3594 sumta
600 3551 659 3616 pro
688 3531 846 3594 arbitratu
873 3538 1038 3594 noeentum
1065 3535 1241 3589 mutarunt.
1286 3523 1348 3594 Sia

243 3652 432 3716 Theodorus
455 3652 651 3716 Prodi-ornus
675 3655 713 3716 de
735 3663 926 3741 paupertate
947 3670 1005 3715 sua
1027 3666 1107 3712 vers.
1133 3642 1185 3710 47.
1215 3668 1288 3735 pag.
1314 3651 1346 3716 3.

240 3774 288 3835 ed.
315 3773 405 3836 Con:
943 3749 952 3764 ⁶

353 3889 379 3948 εἰ
400 3885 464 3972 γὰρ
483 3885 539 3954 καὶ
561 3887 659 3971 λέξων
679 3880 773 3973 ἤρχο
779 3913 854 3970 μην
868 3888 1104 3969 μυβοπλαστῶν
1118 3882 1189 3962 τοὺς
1207 3883 1323 3974 λόγους

241 4023 273 4076 et
292 4029 372 4073 vers.
396 4005 451 4076 49.
474 4010 508 4072 ἕν
529 4007 580 4076 σοὶ
601 4004 667 4095 γὰρ
690 4001 914 4095 ἓψυανοίκησεώ
933 4007 952 4088 ἡ
974 4008 1031 4073 τοῦ
1059 4012 1139 4083 θεοῦ
1165 4008 1342 4095 apostolor,

243 4137 277 4198 in
300 4132 412 4213 quibus
434 4132 514 4198 loeis
537 4157 596 4222 pro
619 4123 768 4218 ἤρκομην-
782 4147 815 4198 et
836 4129 966 4214 προνοία
995 4137 1245 4223 exspectandum
1272 4148 1343 4200 erat
