2870 4874
1098 367 1197 482 'ib

55 635 57 638 ¹
93 562 333 652 Saepenumero
347 563 381 624 in
394 535 586 648 proiundutu
599 560 808 640 deserebatur,
820 561 935 643 (undo)
944 535 1053 625 rursus
1061 561 1199 626 viriliter

94 697 278 775 calcitrans,
295 704 449 774 quantum
466 703 602 777 poterat,
621 704 652 755 et
668 711 791 755 sursum
806 693 938 757 redibat.
975 693 1199 774 [eluctabatur,

93 827 183 888 Fieri
205 846 272 888 non
295 835 432 910 poterat,
456 835 491 884 ut
513 824 686 886 redimeret
710 844 825 910 corpus
847 845 950 905 suurn,

95 941 199 1037 neque
224 968 258 1018 ut
279 957 431 1038 effugeret
454 967 658 1051 mortem„ut
681 969 886 1020 conservaret
908 957 1005 1019 vitatu
1029 978 1129 1020 suurn.

97 1089 263 1167 Tanquam
286 1107 408 1148 remum
432 1089 467 1149 in
490 1108 571 1168 aqua
594 1086 743 1150 trahebat
766 1089 899 1152 caudam
922 1109 1024 1167 suatn,

95 1231 128 1281 et
149 1220 225 1280 deos
247 1221 446 1304 precabatur,
471 1231 506 1282 ut
528 1221 682 1304 effugeret
704 1231 850 1283 mortem.

96 1349 208 1412 Verba
232 1349 311 1411 bace
335 1352 517 1434 proferebat
537 1349 632 1413 labiis
655 1351 850 1416 dolentibus:

98 1481 174 1544 Tali
196 1480 291 1542 ruodo
313 1481 421 1566 posuit
444 1477 598 1543 rana'mc
777 1454 783 1462 Κ

97 1613 133 1675 in
144 1611 582 1694 tergosuo,qu0maomodum
594 1605 906 1701 irnposuitluppiter,
915 1614 1206 1695 quandoiactusest

98 1755 220 1823 taurus,
244 1755 277 1805 et
293 1763 381 1811 ,onus
403 1745 542 1830 suscepit
565 1745 600 1806 in
623 1742 774 1808 humeros
797 1765 872 1809 suos
895 1744 985 1809 iilam
1032 1805 1039 1821 ,

98 1875 272 1960 Europam,
297 1894 391 1954 quarn
413 1887 564 1960 rapuerat
585 1897 604 1936 e
627 1873 775 1955 Sidonia,

102 2019 134 2070 ct
156 1977 260 2072 maria
282 2005 412 2086 trajecit
432 2023 561 2086 magna,
585 2024 642 2093 per
664 1983 742 2084 rim,

102 2149 197 2219 atque
220 2138 255 2199 in
278 2135 419 2198 insulam
441 2135 551 2198 eduxit
575 2133 692 2199 Cretae
715 2137 878 2216 continuo,

101 2269 252 2356 quoniam
275 2243 421 2352 iuppiter
443 2264 499 2328 ille
521 2265 720 2330 admirabilis
744 2267 779 2330 in
802 2288 840 2331 ea
863 2266 1038 2336 habitabat.

100 2401 195 2466 Hune
217 2417 397 2465 sermonem
420 2399 563 2478 induxit3
586 2411 617 2462 et
642 2399 725 2480 quod
748 2401 870 2489 incepit
892 2403 1051 2468 inclinare

4 2516 7 2520 ’
102 2543 198 2617 caput
219 2551 311 2592 suum
334 2514 491 2607 deorsum,
516 2540 611 2590 etex
633 2546 717 2608 aqua
738 2531 856 2608 bibere,

103 2662 165 2748 pili
186 2651 257 2742 ejus
279 2657 450 2722 madefacti
472 2667 557 2734 sunt,
580 2667 613 2723 et
635 2658 828 2738 gravitatem
851 2660 881 2722 ei
904 2661 1058 2740 iecerunt,

105 2793 250 2857 deorsum
273 2808 345 2851 eum
368 2785 549 2867 trabebant,
572 2789 607 2851 in
629 2788 787 2874 profundo
810 2787 981 2876 ponebant.

104 2923 227 2987 Vocem
249 2941 380 3008 parvam
403 2918 504 2984 voluit
526 2920 558 2982 vi
580 2921 736 3000 emittere,

103 3055 258 3144 paulatim
282 3075 320 3120 ae
342 3053 471 3116 tractim
493 3051 628 3128 dicebat,
652 3063 685 3113 et
706 3025 863 3118 submisse
886 3055 1081 3144 loquebatur.
1135 3132 1146 3144 1

103 3187 237 3250 Ranam
259 3185 487 3260 insectabatur,
511 3201 591 3263 quae
614 3181 699 3263 (crat
721 3203 819 3246 carna

104 3319 155 3402 ut)
175 3317 280 3404 ipsum
302 3316 476 3400 conjiceret
498 3315 662 3401 insperato
684 3317 720 3380 in
744 3316 841 3380 talem
863 3319 1041 3387 interitura.

35 3509 39 3516 .
103 3449 198 3516 Haud
220 3448 364 3532 effugies,
388 3449 502 3530 inquit,
526 3468 627 3530 neque
651 3447 716 3513 ullo
740 3451 833 3514 modo
857 3453 970 3516 evades

104 3583 248 3648 Pessime
271 3579 507 3664 Physignatbe,
531 3601 633 3670 neque
655 3584 753 3645 vitam
776 3583 941 3660 retinebis,

2 3778 5 3787 ,
104 3715 160 3777 sed
182 3713 250 3778 lues
273 3725 408 3776 mortem
432 3711 516 3776 male
538 3723 571 3774 et
593 3715 716 3796 acerbe,

105 3865 144 3906 eo
168 3844 250 3923 quod
272 3864 322 3907 me
345 3846 468 3910 necasti
491 3843 662 3907 malitiose.

105 3975 146 4040 In
170 3971 303 4037 humero
327 3984 381 4036 tuo
404 3995 454 4038 mc
477 3977 625 4061 posuisti,
649 3987 681 4040 et
704 3977 740 4039 iu
764 3992 879 4072 aquam
903 3973 1075 4059 intravisti,

105 4120 200 4189 atque
224 4103 339 4167 deinde
362 4123 412 4166 me
435 4105 615 4186 deseruisti,
638 4118 673 4170 et
695 4117 731 4168 ut
752 4105 924 4170 suffocarer
947 4109 1107 4176 dimisisti.

105 4239 181 4302 Non
204 4257 278 4301 eras
299 4236 414 4300 melior
436 4257 487 4300 me
510 4257 660 4318 unquam,
683 4239 719 4302 in
742 4249 827 4302 terra
850 4250 884 4303 ut
907 4239 1053 4320 bellares,

106 4381 139 4435 et
161 4381 197 4435 ut
218 4369 396 4452 laetareris,
420 4372 504 4436 sient
522 4390 596 4455 ego,
621 4383 652 4436 et
674 4373 710 4437 in
732 4393 840 4461 pugna
863 4385 898 4438 ut
920 4359 1073 4437 vinceres.
