2870 4874
267 177 315 248 48
339 151 345 162 ,

267 387 339 437 ene
360 368 527 436 Gallorum
550 367 822 456 praepositionem
840 383 938 450 pour.
991 365 1109 428 Paucis
1136 365 1295 452 exemplis
1324 369 1383 434 de.

267 496 398 576 iungar:
421 482 499 551 αι’σό
520 483 556 551 sd
577 481 701 568 βιβλίαν
722 474 802 546 εἶναι
824 478 880 546 διὰ
901 478 972 557 rode
999 477 1174 566 cipxcrpiotu
1201 483 1259 553 hic
1287 485 1382 556 liber

267 612 414 678 tironum
435 611 472 676 in
491 606 648 698 gratiam
655 606 867 694 conscriptus
881 616 945 690 cst,
956 627 1045 695 pour
1060 603 1111 671 les
1128 627 1380 694 commeamus,

266 729 354 808 &cicc
382 727 525 815 μισεύσει
553 723 609 796 διὰ
636 722 691 807 olo
712 722 862 810 Λειψίαν,
884 725 914 793 il
929 725 1074 818 partita
1092 727 1378 818 portr‘Leipsiclr,

267 850 442 938 οἱπεᾳυοῢσε
454 846 509 916 διὰ
518 844 657 938 μεγάλως
664 844 770 934 ῥήτωρ,
777 847 1212 939 ilpassaitpourungruud
1221 863 1375 922 orateur.

399 978 488 1058 μιλεῖ
508 997 567 1063 per
588 974 783 1063 aphaeresin
808 975 930 1040 vocalia
951 997 969 1034 ο
993 993 1053 1061 pro
1081 967 1189 1052 ὁμιλεῖ
1208 971 1375 1061 loquilm·;

268 1101 324 1183 qui
345 1119 422 1164 usus
444 1099 615 1162 deterioria
637 1097 825 1181 graecitatis
847 1107 905 1160 cst.
950 1094 1047 1181 Apud
1067 1106 1192 1160 veteres
1208 1099 1373 1178 nimirum,
1412 1117 1414 1152 ⁴

267 1223 298 1288 si
319 1216 438 1301 ὁμιλεῖν
458 1220 597 1284 similem
620 1240 712 1284 usum
735 1218 854 1284 habere
875 1218 1011 1298 videtur,
1033 1217 1222 1284 vertendum
1244 1222 1372 1286 estaol.

268 1341 373 1430 loqui,
395 1337 630 1430 confabulari,
651 1337 887 1416 sermocinari,
909 1336 1099 1404 orationem
1116 1360 1235 1404 eoram
1244 1343 1371 1431 populo

249 1461 404 1530 nouere.
455 1465 503 1530 At
534 1466 572 1530 de
601 1466 761 1552 scriptore
791 1483 885 1529 nemo
911 1481 1051 1556 unquam
1079 1463 1285 1546 antiquorum
1312 1467 1372 1532 hoc

267 1591 396 1654 verbum
418 1589 591 1674 usurpavit.

401 1709 522 1786 geas-eico
544 1709 639 1772 metri
662 1727 758 1772 causa
782 1727 840 1794 pro
863 1695 999 1811 sandei,
1022 1708 1105 1788 quod
1126 1719 1276 1774 ncutmm
1291 1713 1370 1798 plur.

268 1844 317 1896 est
338 1833 402 1916 adj.
426 1819 543 1908 βαθύς,
565 1822 701 1908 peperci,
729 1819 822 1908 pase
857 1829 1000 1893 adverbii
1031 1830 1101 1892 vice
1134 1828 1187 1894 hic
1224 1834 1370 1918 iungens.

270 1954 321 2017 ct.
344 1954 452 2017 adnot.
480 1953 522 2016 ad
550 1925 709 2039 Parapl‘n.
740 1974 819 2018 vers.
843 1949 896 2015 72.
946 1950 999 2015 De
1020 1951 1234 2017 declinatione
1256 1953 1372 2041 luorum

267 2074 496 2157 adjectivorum
525 2075 597 2138 vide
629 2073 710 2138 Julii
732 2075 869 2140 Davidis
890 2065 1153 2154 Παραλληλισμὸν
1178 2073 1228 2148 τῆς
1254 2071 1373 2152 inopi.

266 2190 322 2265 κῆς
344 2186 401 2253 καὶ
422 2191 586 2273 γραικυοῆς
607 2184 755 2271 γλώσσης
772 2216 845 2281 pag.
864 2195 912 2260 19.
928 2228 972 2244 -

399 2313 442 2375 V.
466 2312 496 2375 7.
541 2303 627 2392 γιᾳτὶ
655 2325 766 2378 natum
794 2328 844 2380 est
866 2337 907 2380 ex
929 2309 984 2377 dmi
1006 2339 1044 2400 re,
1063 2323 1203 2405 propter
1224 2313 1369 2404 aliquid.

266 2435 353 2506 Hinc
374 2447 481 2524 patet,
504 2454 561 2499 cur
583 2426 669 2516 proci
696 2440 833 2504 barbaro
861 2461 921 2504 usu
950 2441 1087 2506 causalis
1113 2440 1271 2527 particula
1297 2462 1372 2505 eva-

267 2561 342 2624 dere
372 2560 529 2646 potuerit‚
565 2559 612 2622 ita
640 2570 676 2624 ut
709 2560 856 2663 designet
885 2573 1071 2653 propterea
1105 2561 1213 2650 quod,
1253 2581 1371 2648 quorem,

267 2680 368 2770 quia,
389 2703 480 2746 nom.

387 2797 659 2886 e’pcraplorriosq
681 2823 859 2868 conversus
874 2812 935 2884 est,
957 2801 993 2866 in
1015 2800 1167 2888 linguam
1190 2809 1372 2889 (nostram)

266 2919 458 2987 translatus
480 2932 540 2988 est.
590 2916 833 3008 μεταγλώπίξω,
856 2945 918 2987 vex
939 2923 1074 3012 plebeJa‚
1097 2928 1187 3008 cujus
1209 2929 1371 3010 antiquio·

267 3064 336 3108 rem
353 3058 515 3110 auctorem
537 3050 658 3128 nescio,
682 3069 776 3131 quam
787 3043 1015 3134 ngnpulnm,
1027 3049 1088 3130 qui·
1102 3068 1175 3112 cam
1197 3051 1233 3112 in
1246 3047 1370 3115 Hister.

268 3167 382 3232 concil.
399 3168 545 3234 'Floreat
570 3183 638 3234 sect
662 3169 692 3234 6.
707 3191 775 3257 cap.
797 3171 850 3235 17.
869 3183 903 3236 et
925 3173 1004 3238 alibi
1020 3171 1124 3238 habet
1154 3171 1370 3254 caeteroquin

267 3300 473 3368 augmentum
496 3292 687 3372 syllabicum
710 3295 746 3356 in
768 3295 947 3357 recentiore
969 3313 1116 3358 sermone
1138 3307 1213 3356 ante
1234 3315 1369 3381 praepo-

266 3408 418 3472 sitionem
445 3412 525 3494 poni
554 3415 637 3478 solet
665 3415 701 3477 in
728 3415 834 3478 verbis
863 3413 1064 3496 compositis,
1094 3413 1124 3472 si
1150 3413 1256 3494 prima
1278 3416 1369 3481 illius

266 3531 516 3616 praepositionis
542 3533 652 3600 littera
680 3551 862 3598 consonans
889 3543 954 3611 cst,
984 3543 1020 3593 ut
1046 3527 1100 3593 hic
1128 3532 1288 3616 videmus,
1317 3541 1368 3602 sin

232 3681 242 3706 1
266 3663 372 3714 autem
395 3653 515 3718 vocalis
538 3667 599 3734 est,
619 3668 692 3741 post
713 3655 985 3742 praepositionem
999 3653 1100 3716 inseri
1115 3653 1218 3733 debet,
1240 3667 1276 3721 ut
1296 3657 1366 3717 ἀπε.

264 3765 367 3849 κρίθη.
411 3775 522 3857 Neque
552 3791 660 3840 temen
687 3797 813 3862 semper
843 3774 923 3838 haec
951 3774 1062 3856 regula
1086 3771 1289 3855 observatur,
1311 3779 1365 3842 scd

266 3890 473 3957 inveniuntur·
496 3899 594 3962 etiam
617 3900 713 3962 verba
736 3896 906 3982 dupliciter
929 3909 1033 3976 aucta,
1057 3898 1151 3978 quale
1168 3911 1218 3962 est
1240 3894 1363 3973 incolo.
1408 3939 1409 3943 =

264 4026 348 4086 suffe,
373 4015 456 4090 quod
478 4017 596 4101 legitur
618 4021 654 4082 in
676 4018 892 4104 Paraplrrasis
913 4037 1006 4081 versu
1031 4019 1080 4084 15.
1126 4022 1364 4102 Nonnunquam

265 4133 361 4196 ctiam
383 4133 544 4201 emittitur
566 4153 783 4226 augmentum,
806 4141 892 4206 velut
914 4161 1007 4206 versu
1031 4141 1102 4206 131.
1123 4131 1313 4222 ἀπᾶσφιγγε.

605 4271 616 4281 '
1269 4263 1311 4325 V.
1334 4263 1362 4328 8.
