2870 4874
1185 239 1329 332 75‘

123 453 250 541 pleheJ'a
272 453 388 538 lingua
410 449 599 536 aequiparat
621 449 825 532 antiquorum
846 451 1088 538 superlativum,
1112 455 1163 520 eui
1178 455 1232 519 ad-

118 581 254 662 junctus
277 587 327 640 est
350 571 517 638 articulus·
563 570 704 636 Proinde
731 575 828 638 verba
856 565 1057 656 Zooorhrrqae
1076 561 1117 652 ἦν
1139 571 1157 635 ὁ
1179 595 1232 637 σο.

124 687 268 778 φῶτατος
293 693 354 756 τῶν
384 689 514 775 Περσῶν
539 692 587 756 sie
614 694 651 756 in
678 692 766 775 vulgi
791 715 972 762 sermonem
994 700 1234 764 transferuntur

127 808 331 899 Ζωροάστρης
357 801 430 892 ἦτον
456 808 474 874 ὁ
502 803 675 895 σοφώτερος
701 812 763 874 τῶν
789 815 927 897 Περσῶν.
984 819 1105 884 Eodem
1139 821 1233 884 modo

129 941 220 1004 Galli
248 941 371 1004 dieunt:
406 935 597 1004 brroastre
624 934 709 1001 e'toit
735 935 768 1002 le
791 935 873 1024 plus
899 958 985 1026 suge
1013 937 1073 1005 des
1100 937 1234 1007 Perses.
1312 919 1316 928 ’

129 1065 196 1128 Pro
217 1055 363 1144 μυρωδία
384 1061 474 1149 plebs
496 1073 529 1124 et
549 1051 697 1141 μυρωόιά
718 1062 901 1144 frequenter
923 1063 1013 1127 dioit.

261 1183 305 1248 V.
329 1183 382 1250 74.
427 1176 564 1264 φέρωουν
585 1203 657 1247 eum
679 1205 700 1243 u
721 1171 853 1249 insitivo
874 1205 934 1272 pro
955 1178 1074 1266 ‹pe'oour‘›
1095 1185 1117 1248 i.
1133 1205 1159 1250 e.
1184 1179 1237 1263 φέ-

128 1327 231 1390 ρουσι.
275 1307 347 1372 Hae
367 1329 388 1367 u
410 1307 578 1370 insitivum*
603 1307 640 1369 iu
662 1325 781 1390 magno
803 1309 971 1372 verhorum
993 1327 1126 1371 numero
1149 1327 1239 1370 nuno

129 1430 299 1518 reperitur.
345 1430 472 1515 Quippe
495 1427 658 1492 tritissimi
683 1448 760 1510 usus
781 1430 818 1492 in
838 1449 986 1494 sermone
1008 1429 1135 1512 vulgari
1161 1440 1238 1492 suut

130 1546 212 1614 δέυω
234 1573 294 1641 pro
317 1543 389 1626 δέω,
411 1539 542 1630 eada,
566 1551 650 1632 quod
671 1571 714 1615 ex
736 1542 853 1632 ἐπαίρω
875 1569 1023 1616 manasse
1045 1551 1185 1613 diximus
1197 1550 1241 1613 ad

131 1675 254 1758 dialogi
276 1692 358 1738 vers.
384 1669 444 1751 10,
472 1658 636 1753 φανερᾶυω
662 1693 722 1760 pro
745 1662 905 1754 φανερόω,
933 1693 1028 1756 quam
1055 1672 1241 1756 analogiam

133 1817 220 1860 nmio
232 1797 342 1860 omnia
358 1797 454 1858 verha
470 1794 623 1859 similiter
637 1795 716 1859 olim
731 1798 906 1860 terminata
921 1786 1242 1878 sequuntur,yde'q1o›

133 1939 193 2004 pro
221 1903 337 1997 ἐκδὲρω
364 1927 398 1978 et
419 1914 485 1978 alia
506 1915 658 2002 plurima.
708 1915 750 1980 ln
771 1895 959 1982 transcursu
981 1937 1107 1996 moneo,
1129 1905 1268 1979 notum'

136 2038 219 2102 illud
251 2039 459 2119 antiquorum
491 2037 678 2100 vocabulum
713 2029 808 2120 φερνή
840 2040 1025 2104 testimonio
1061 2059 1142 2119 esse,
1170 2041 1242 2121 J'am

136 2161 215 2224 olim
242 2161 329 2246 apud
358 2171 480 2224 veteres
509 2161 638 2224 verhum
660 2153 762 2242 φέρνω
784 2164 965 2244 exstitisse,
988 2179 1177 2244 quamquam
1199 2159 1241 2224 Η.

135 2280 325 2370 Stephanus
352 2283 497 2349 illudio
525 2281 692 2347 Thesauro
721 2283 845 2366 omisit,
877 2285 1051 2350 Passovius
1074 2295 1183 2349 autem
1205 2285 1243 2347 iu

134 2405 240 2470 lexioo
275 2407 405 2470 dubium
437 2427 509 2468 esse
542 2407 599 2469 ait.
646 2401 703 2484 Cl,
733 2409 763 2472 si
790 2409 857 2487 vis,
886 2405 1025 2470 Coraem
1052 2405 1095 2470 ad
1115 2405 1243 2468 Heliod.

138 2547 172 2612 p.
196 2523 263 2588 220
284 2535 317 2587 et
339 2525 381 2588 ad
402 2522 569 2586 Plutarch.
592 2521 685 2586 Tom.
708 2525 743 2587 11
765 2547 796 2609 p.
821 2523 897 2589 401.
920 2561 964 2574 -
985 2524 1037 2600 elie
1051 2512 1172 2600 ''Iadeae
1193 2545 1245 2587 ao-

140 2656 237 2710 oeutu
258 2653 390 2730 propter
412 2652 549 2705 metrum
570 2653 710 2724 retracto
733 2663 792 2730 pro
813 2635 942 2726 Ἰνδίας,
979 2645 1057 2707 Vid.
1073 2654 1186 2744 notata
1206 2643 1248 2706 ad

60 2748 65 2755 ’
141 2767 263 2850 dialogi
292 2783 372 2829 vers·
402 2764 433 2828 5.
486 2764 580 2846 Quod
607 2765 692 2850 apud
721 2764 872 2830 Crusium
900 2777 950 2831 est
976 2764 1029 2843 τῆς
1047 2751 1149 2825 '‘Iorea
1169 2765 1248 2828 sori-

139 2901 253 2979 pturao
276 2888 424 2951 mendum
446 2887 587 2968 violetur,
610 2887 678 2951 nisi
706 2889 789 2952 lorte
820 2890 930 2954 Zenus
956 2886 1008 2965 τῆς
1026 2874 1144 2958 ”Ionae
1169 2886 1248 2950 scri-

140 3014 215 3100 psit.
267 3007 336 3074 Sed
357 3011 516 3074 harharae
538 3008 636 3093 hujus
663 3011 786 3074 formae
813 2983 970 3094 hodieque
991 3011 1168 3076 inusitatae
1194 3028 1249 3072 ne·

142 3135 267 3198 minem
288 3132 356 3194 seio
379 3140 551 3193 auctorem.
575 3164 620 3176 -
641 3122 807 3211 ἀρτυσίαις
828 3133 913 3197 male
934 3134 1114 3197 redditura
1131 3131 1248 3194 Crusio

142 3247 372 3331 aromatibue5
394 3243 542 3332 ἀρτυσίαι
564 3252 650 3316 enim
672 3251 889 3320 condimenta
915 3265 1009 3332 sunt,
1037 3272 1133 3337 quam
1161 3263 1249 3339 pote-

143 3386 260 3440 statem
281 3373 365 3439 huie⁴
379 3373 537 3440 looutioni
551 3376 754 3443 tribuendam
769 3399 850 3463 esse,
866 3379 953 3448 haud
967 3359 1100 3444 difficile
1116 3377 1158 3441 ad
1172 3395 1248 3440 oon·

138 3498 326 3584 jeotandum
347 3498 418 3562 luit.

278 3616 321 3681 V.
346 3615 399 3683 75.
445 3605 547 3692 ’ἔτυχα
568 3630 601 3684 et
623 3609 731 3704 ἕῳυγα
759 3624 873 3687 aoristi
894 3631 971 3686 sunt
992 3616 1121 3702 vulgari
1142 3618 1251 3682 termi-

146 3743 279 3806 natione
302 3742 455 3805 instrueti
476 3761 536 3828 pro
560 3728 685 3815 iream*
697 3754 730 3807 et
753 3731 882 3824 ἔφυγον.
931 3742 980 3805 At
1006 3757 1082 3802 vero
1104 3758 1146 3802 ne
1169 3750 1250 3802 vete-

149 3863 240 3925 ribus
263 3863 388 3940 quidem
410 3861 594 3947 hujusmodi
615 3866 766 3946 emistus,
790 3864 900 3946 quales
922 3873 998 3926 sunt
1019 3847 1101 3943 εἶπα,
1120 3849 1253 3945 ἤνεγκα,

151 3970 241 4060 ἔχευε,
263 3967 353 4057 ἔκηα,
375 3970 504 4061 ἔσσευα,
525 3997 559 4048 et
580 3986 674 4067 alios,
696 3988 751 4068 qui
772 3987 858 4073 apud
870 3987 1041 4074 scriptores
1057 3984 1253 4051 Alexandri-

150 4127 212 4170 nos
239 4115 273 4168 et
300 4103 501 4190 potissimum
530 4106 568 4169 in
593 4108 897 4192 septuagintavirali
923 4111 1040 4174 veteris
1068 4105 1254 4174 testamenti
1308 4091 1312 4098 ’

151 4227 366 4294 translatione
395 4236 542 4311 exstant,
571 4228 702 4314 ignotos
729 4231 841 4316 luisse,
870 4237 956 4299 iuter
984 4251 1094 4297 omnes
1118 4237 1253 4292 constat.
1316 4221 1320 4230 ’
