2860 4870
241 309 311 382 198

239 502 291 570 (ii.
327 505 464 570 Coraem
497 501 538 567 de
571 501 633 568 hoo
667 502 763 566 verbo
795 501 1011 588 disputantem
1037 495 1160 580 Ἀνακν,
1192 503 1280 569 Tom
1303 507 1354 572 lv

238 649 270 718 p.
293 625 371 692 665.
414 626 546 714 Duplex
569 627 634 690 iere
656 636 800 713 potestas
823 623 918 710 hujus
941 627 1028 690 verbi
1051 639 1111 706 est,
1134 627 1240 691 altera
1264 629 1353 694 voci.

230 745 399 838 secandi,
427 745 605 814 clamandi
612 795 623 823 ‚
651 767 767 814 vocem
793 745 985 822 emittendi,
1013 747 1115 812 altero
1141 751 1300 816 vocandi
1322 767 1350 818 ct

241 869 449 938 advocandi.
504 876 612 950 Quum
639 873 729 958 prior
759 869 814 934 hic
841 871 946 934 locum
974 871 1092 934 lrabeat
1120 892 1159 934 ac
1187 873 1229 936 de
1259 879 1349 940 ranis

240 1009 367 1082 agetur,
391 988 560 1075 ἑφῶναξαν
582 1015 653 1058 cum
683 993 798 1057 Cruaio
825 963 920 1056 verti:
949 991 1174 1085 cooxubana
1202 1031 1246 1042 —
1278 988 1348 1059 ε’κά.

240 1140 304 1177 ναν
326 1120 420 1185 metri
444 1135 539 1179 causa
562 1136 621 1200 pro
644 1102 775 1190 ἔκαναε,
796 1126 833 1177 ut
854 1135 952 1200 supra
974 1136 1068 1179 versu
1093 1077 1167 1181 157ss

371 1237 415 1302 V.
438 1234 511 1302 896.
557 1223 671 1313 ironam
686 1237 759 1298 iem.
776 1256 836 1322 pro
853 1222 991 1312 ἔξυπνος.
1036 1237 1085 1300 cf.
1103 1239 1179 1302 adn.
1196 1240 1233 1304 acl
1244 1262 1273 1302 ν.
1286 1237 1335 1306 48.

240 1363 332 1426 Nove
361 1360 416 1424 hic
444 1345 558 1438 ἔξυπνη
585 1369 635 1422 est
657 1355 836 1434 insomnis,
864 1360 1008 1441 quamvis
1035 1373 1179 1424 vetustus
1201 1363 1344 1440 vocabuli
1414 1309 1415 1366 i

239 1505 354 1568 senape
375 1483 517 1548 nondum
540 1483 624 1568 apud
647 1481 789 1546 Graecos
811 1483 982 1546 interierit.
998 1517 1041 1530 —
1057 1475 1263 1565 ἐκείνουμουν
1286 1487 1348 1550 vul.

241 1610 365 1694 gariter
386 1628 450 1695 pro
469 1592 630 1686 ἔκεινὸμηυ
651 1607 672 1668 i.
695 1627 724 1669 o.
747 1597 882 1685 ἐκείμην.
925 1605 1011 1667 Num
1033 1597 1175 1685 κεῖνομαι
1197 1628 1288 1674 nunc
1304 1633 1347 1673 ce·
1414 1623 1415 1632 ’

212 1808 215 1814 1
239 1732 382 1796 lebratur
404 1750 463 1818 pro
485 1729 728 1810 xcipuo1‚aquo
750 1729 926 1796 derivatum
949 1737 1006 1790 est.
1060 1726 1128 1792 Sed
1155 1731 1267 1811 κεῖμαι
1296 1733 1348 1796 ho.

240 1857 353 1937 dieque
375 1854 416 1917 ad
438 1863 542 1915 certae
565 1852 719 1933 quaedum
740 1871 793 1913 res
822 1850 1042 1914 enunciandaa
1071 1852 1107 1915 in
1134 1853 1283 1939 pluribus
1306 1857 1351 1918 di·

241 1977 333 2040 cendi
362 1977 533 2060 generibus
563 1971 758 2060 applicatur,
787 1971 874 2036 velut
901 1959 962 2031 ὦδε
983 1974 1082 2033 κεῖναι
1108 1970 1163 2038 hic
1185 1972 1275 2040 situs
1298 1986 1350 2042 est
1414 1961 1415 1968 ἵ

240 2099 279 2162 tie
302 2099 437 2160 mortuis
460 2098 586 2160 dieitur.
611 2131 653 2142 -
676 2084 849 2176 oiaeinpcounic'
873 2095 894 2158 i.
912 2115 939 2158 o.
963 2087 1147 2176 &retectae
1163 2130 1206 2144 --
1222 2089 1353 2176 ε’βάναν

238 2221 334 2283 metri
358 2237 454 2280 eausa
476 2239 536 2302 pro
560 2204 683 2294 ἔβαινεν
703 2229 740 2280 ut
761 2179 855 2280 veiiu
881 2215 953 2282 158.
1040 2249 1053 2262 -

298 2437 302 2445 Ι
370 2337 414 2400 V.
438 2335 513 2401 397.
559 2323 684 2417 i'pcouvoc
705 2338 727 2400 i.
752 2359 782 2420 q.
805 2325 908 2419 ip'pcow
930 2341 969 2404 de
991 2359 1049 2420 quo
1072 2338 1140 2399 vido
1161 2357 1242 2398 vera.
1259 2339 1350 2406 323.
1413 2399 1414 2448 p

239 2490 284 2513 -·-
305 2453 477 2545 o'cypvoved’
501 2480 560 2547 per
581 2461 745 2544 syniueain
768 2473 801 2525 et
823 2482 986 2550 apocopen
1006 2480 1064 2549 pro
1086 2447 1270 2540 ἀγρυπνίαν.
1413 2459 1414 2550 p

372 2585 415 2650 V.
429 2548 515 2650 898.
560 2575 675 2663 κεφάλι
697 2585 719 2647 i.
743 2606 771 2648 e.
791 2572 949 2664 κεφάλιον.

370 2708 414 2771 V.
437 2707 512 2773 3'29·
557 2695 597 2778 (ic,-
617 2697 777 2788 παῦσωμὲ
802 2710 825 2771 i.
849 2730 875 2773 u.
898 2694 1087 2782 παύσωμεν,
1111 2705 1148 2766 in
1169 2699 1355 2788 archetypo
1413 2703 1414 2714 ¹

240 2854 320 2901 vora.
345 2829 409 2897 199
442 2817 676 2912 παυσώμεσρα.
726 2828 912 2892 Tenendum
946 2824 1047 2900 enim,
1083 2824 1222 2886 activum
1257 2829 1352 2892 verbi

230 2941 332 3018 'ecoe
356 2967 469 3020 nostro
491 2965 634 3040 tempore
660 2951 743 3041 apud
770 2948 912 3011 Graecos
940 2957 973 3007 et
999 2945 1205 3007 transitivum
1235 2956 1270 3008 et
1301 2949 1352 3010 in.

240 3081 444 3145 transitivum
467 3099 547 3154 osse,
570 3097 650 3159 quae
674 3096 736 3156 res,
759 3084 795 3138 ut
817 3073 853 3164 in
874 3068 985 3134 multia
1007 3066 1081 3132 aliis
1103 3068 1221 3148 uerbis,
1245 3069 1296 3132 ita
1313 3071 1349 3132 in

240 3204 302 3268 hoc
323 3203 441 3281 effecit,
463 3214 499 3264 ut
520 3205 588 3285 ejus
610 3199 773 3290 passivum
795 3197 985 3261 inusitatum
1002 3195 1073 3276 jam
1094 3192 1148 3256 sit·
1195 3189 1348 3255 Caetero-

241 3323 295 3405 qui
318 3334 429 3385 notum
450 3335 510 3402 eat,
532 3325 639 3408 epicos
660 3332 772 3408 poetaa
784 3323 856 3402 jam
872 3318 1006 3398 antiquo
1022 3327 1164 3400 tempore
1179 3315 1227 3377 sic
1241 3316 1347 3378 activo

241 3466 313 3510 esse
333 3464 419 3524 usos,
453 3441 536 3528 (Cf.
559 3445 675 3526 Odyss.
697 3444 750 3506 ltu.
776 3440 842 3519 IV,
866 3437 942 3503 669.
988 3433 1118 3499 Hesiod.
1146 3447 1229 3499 scut.
1249 3435 1345 3500 Herc.

240 3591 269 3636 ν.
280 3565 376 3650 149);
399 3589 440 3632 ex
462 3568 561 3632 attica
583 3567 721 3631 dialecto
744 3575 851 3629 autem
865 3560 970 3627 solum
986 3560 1132 3645 imperat.
1145 3577 1248 3644 praes.
1265 3555 1346 3618 παῦε

240 3691 304 3756 huc
325 3692 496 3778 pertinere.
540 3689 589 3754 Ci.
611 3688 782 3776 Aristoph.
805 3687 892 3752 Ran.
918 3681 998 3763 199,
1021 3679 1103 3757 969,
1132 3678 1205 3745 680.
1229 3715 1275 3726 -
1295 3680 1347 3744 De

240 3814 353 3877 vocula
374 3801 415 3885 ἃς
436 3813 574 3877 disserui
596 3811 638 3875 ad
662 3828 743 3872 vers.
768 3807 844 3873 916.
888 3839 932 3852 -
975 3793 1145 3880 1306ῧοῦμὲ
1169 3803 1347 3887 vulgariter

240 3950 300 4020 pro
321 3933 498 4014 βοηξεῶμεν.

371 4053 414 4116 V.
436 4053 511 4121 330.
558 4043 707 4135 ἕσμίξασι
734 4047 754 4114 3
783 4067 867 4135 pers.
896 4045 941 4135 pl.
970 4065 1040 4109 aor.
1070 4045 1137 4110 ind.
1166 4058 1227 4110 act.
1256 4047 1346 4111 verbi

241 4171 432 4242 recentioris
459 4168 567 4260 σμῖκγω
593 4196 635 4240 ex
662 4175 792 4255 antiquo
819 4161 928 4255 μίσγω
955 4168 1136 4234 litterarum
1169 4171 1346 4255 transposi-

241 4301 330 4368 tione
353 4296 426 4364 orti·
472 4297 521 4363 ct.
544 4299 653 4364 adnot.
675 4298 718 4364 ad
738 4315 820 4362 vers.
843 4292 898 4360 78.
942 4293 994 4357 De
1016 4291 1199 4377 hujusmodi
1221 4293 1344 4371 turmis,

1237 4411 1342 4494 qualis
