2870 4874
225 273 274 346 ta

232 465 338 549 septa.
391 462 528 528 Eosdem
555 460 651 542 κῶμα
679 459 800 526 dixisse
828 475 888 545 pro
917 473 965 536 eo,
995 456 1080 538 qnod
1102 454 1186 540 apud
1208 453 1349 520 Attioos
1398 456 1399 534 1

234 601 304 656 eret
324 584 448 667 καῦμα,
470 585 622 649 discimus
645 606 664 647 e
687 555 908 646 Grammatico
930 579 1198 643 Meermanniano
1227 580 1347 648 addito
1399 642 1401 690 ἵ

235 710 487 778 Sehaeierinuae
517 707 669 791 Gregorii
698 673 865 770 Corinthii
900 703 1036 766 editioni
1070 723 1143 788 pag.
1171 699 1245 765 654.
1298 702 1349 767 Ut

236 855 330 898 versu
357 831 387 896 6.
416 819 608 910 παλληκάρι,
637 830 715 893 lieet
741 845 859 891 nomen
887 795 1116 889 deminutivum
1143 825 1203 904 sit,
1231 835 1349 888 mmen

236 975 304 1020 uon
326 948 628 1025 adolescentulum,
650 950 707 1014 sed
729 946 976 1013 adolescentem
1003 948 1055 1010 vel
1074 937 1232 1035 juvenem
1261 949 1348 1013 indi-

239 1090 302 1159 oat,
323 1079 371 1142 ita
393 1066 502 1134 auto»
522 1092 588 1138 non
611 1068 770 1135 auricula
793 1083 853 1151 est,
876 1066 1060 1134 sodeuris.

367 1194 410 1256 V.
433 1193 464 1258 9.
510 1187 535 1252 u’
559 1182 711 1254 ἀκούσετε
737 1213 796 1280 pro
821 1183 868 1252 ¹voi
888 1179 1041 1252 ἆοωῦσετε
1068 1193 1089 1254 1.
1119 1213 1146 1254 e.
1177 1183 1340 1273 ἀκούσητε,

1407 1290 1408 1344 i

239 1320 286 1383 ita
307 1327 344 1382 ut
365 1317 410 1380 sit
431 1319 515 1400 oonj.
546 1335 613 1380 aor.
637 1327 786 1402 correpta
812 1314 989 1402 penultima
1016 1324 1201 1396 mutatoque
1223 1339 1243 1390 η
1266 1317 1301 1379 in
1324 1339 1345 1375 ε.
1408 1384 1409 1418 1

371 1429 431 1521 quoi
451 1430 483 1498 η’
502 1429 628 1519 ἀφορμὴ
650 1459 709 1525 pro
732 1430 788 1499 διὰ
808 1429 880 1498 τίνα
902 1425 1056 1518 ἀφορμήν.

374 1523 515 1633 πωῖικός
544 1563 580 1626 in
608 1563 759 1626 citeriore
792 1561 976 1625 Graecitate
1011 1579 1137 1624 monem
1171 1560 1348 1644 signifieat.
1410 1570 1411 1588 ¹

245 1687 296 1750 Gt.
329 1685 479 1769 Duoang.
512 1684 618 1748 Gloss.
654 1685 736 1747 med·
771 1695 804 1747 et
835 1683 892 1748 ini.
928 1701 976 1765 gr.
1009 1682 1101 1745 Tom.
1131 1682 1158 1745 Ι.
1187 1704 1218 1769 p.
1252 1683 1346 1748 1202.
1411 1689 1412 1696 ’

243 1807 409 1896 Exemplis
432 1809 472 1871 ab
494 1806 552 1870 illo
575 1807 684 1870 citatis
706 1806 787 1870 adde
808 1804 1005 1871 Damasceni
1016 1801 1168 1870 Studitae
1191 1806 1297 1872 locum
1312 1811 1349 1871 in

144 1956 147 1964 ·
245 1927 365 2011 Μερικῇ
392 1918 562 2012 διαγνώσει
591 1924 628 1990 ἐκ
656 1929 718 1988 τῶν
744 1926 887 1988 παλαιῶν
920 1917 1102 2007 φελοσὸφων
1127 1919 1195 2009 περὶ
1226 1920 1347 2008 φύσεως

245 2043 301 2110 eui
329 2043 506 2132 ittonam
532 2051 624 2113 savoie
652 2042 739 2125 ζώων
765 2052 939 2132 (venetiis
969 2049 1075 2132 1682)
1103 2071 1178 2138 pag.
1202 2051 1255 2116 56.
1285 2044 1350 2133 περὶ

244 2161 336 2248 tevit·
366 2207 409 2220 —-
439 2168 569 2232 ἐποῖκαν
597 2173 739 2256 vulgaris
766 2175 906 2239 aoristus
934 2195 976 2237 ex
1003 2175 1103 2238 veteri
1125 2175 1263 2259 perfeeto
1287 2178 1349 2238 ior-

246 2302 360 2354 matus.
406 2290 506 2354 Valet
528 2293 628 2375 igitur
650 2288 780 2352 ἐποῖκαν
800 2295 887 2357 idem
909 2296 992 2378 quod
1015 2288 1176 2373 ἐποίησαν,
1196 2297 1270 2360 lieet
1289 2297 1347 2357 uu.

247 2415 333 2479 xerit
355 2435 396 2478 ex
417 2399 611 2489 πεποῖήκασι.
662 2414 910 2483 Coniuuduntur
936 2420 1085 2485 videlieet
1113 2423 1148 2485 in
1173 2418 1232 2482 hae
1256 2416 1350 2500 vulgi

247 2537 376 2620 loquela
397 2540 641 2604 terminationes
663 2562 706 2601 αν
728 2552 760 2605 et
782 2561 849 2619 ασι,
872 2547 962 2628 eujus
984 2546 1034 2609 rei
1055 2546 1142 2608 inira
1170 2541 1269 2607 multa
1297 2541 1352 2604 do-

251 2674 399 2730 cumenta
428 2662 631 2746 habebimus,
659 2665 745 2730 velut
773 2686 853 2732 vers.
883 2665 958 2731 450.
987 2654 1095 2737 εἴχασι
1122 2687 1184 2750 pro
1216 2652 1310 2738 εἶχαν
1333 2664 1355 2726 1.

250 2807 277 2849 e.
301 2773 397 2858 εἶκον.

382 2904 425 2967 V.
457 2904 509 2972 10.
552 2903 579 2980 ’ς
611 2898 681 2986 τοὺς
708 2893 889 2985 mommio
915 2923 974 2991 pro
1002 2899 1045 2974 εἰς
1071 2895 1142 2972 τοὺς
1168 2899 1363 2983 &onmis

252 3046 333 3107 quaa
354 3029 450 3092 verbo
470 3030 572 3097 dativi
594 3033 695 3096 vicem
722 3027 865 3116 explent,
913 3025 1023 3094 Runa
1049 3025 1105 3092 hio
1131 3038 1165 3092 et
1191 3027 1280 3094 alibi¹
1300 3048 1359 3114 ap-

251 3149 392 3235 pellatur
419 3147 595 3234 βορὲακός,
624 3177 719 3220 versu
748 3153 800 3220 17.
823 3146 1006 3236 βορβακὰς,
1033 3154 1145 3235 quibus
1166 3153 1278 3216 formis
1301 3151 1357 3214 ad-

247 3269 309 3348 1111
330 3282 466 3352 possunt
487 3292 568 3350 quae
596 3274 787 3358 Ducangius
813 3276 835 3337 l.
859 3277 881 3338 l.
904 3297 978 3360 pag.
1001 3274 1076 3338 211.
1105 3297 1147 3338 ex
1175 3276 1249 3338 aiiis
1278 3275 1358 3336 seri-

250 3384 396 3470 ptoribus
418 3386 519 3447 affert.
572 3393 679 3464 Quum
702 3398 786 3458 istae
808 3414 920 3458 omnes
942 3415 983 3456 ex
1009 3404 1150 3456 veterum
1177 3394 1271 3454 verbo
1298 3387 1359 3470 βά.

253 3522 369 3588 τραχος
390 3507 602 3586 manaverint,
626 3513 681 3576 vix
703 3517 820 3604 attinet
841 3531 1009 3594 quaerere,
1032 3530 1114 3592 quae
1140 3511 1184 3578 sit
1210 3517 1278 3598 ejus
1306 3537 1357 3581 ve-

253 3631 433 3695 tustissimo
454 3631 647 3716 depravatio.
695 3635 829 3713 Causas,
852 3653 908 3696 eur
930 3635 1086 3698 exciderit
1108 3637 1233 3701 dativus
1256 3661 1274 3702 e
1296 3639 1357 3703 liu-

254 3772 317 3835 gua
340 3775 457 3838 graeca
478 3755 668 3837 recentiori,
692 3767 919 3821 commemorat
949 3757 1184 3822 Constantinus
1213 3761 1357 3824 Oecono-

254 3891 325 3936 mus
347 3875 430 3941 libro
453 3868 521 3959 περὶ
541 3875 593 3954 τῆς
614 3874 749 3960 γνησίας
770 3876 929 3959 προφορᾶς
955 3863 1016 3954 τῆξ
1030 3875 1188 3956 ἑλληνικῆς
1209 3874 1357 3962 γλώσσης

254 4014 326 4080 pag.
351 3994 425 4060 391.
450 4021 534 4082 seqq.
556 4013 589 4066 et
609 4023 682 4090 pag.
706 3999 781 4067 600.
805 4037 849 4049 -
872 3997 1025 4082 ε’μπῆκαν,
1048 4021 1106 4089 pro
1130 4025 1191 4086 quo
1214 4016 1246 4067 et
1264 3999 1356 4083 ἐμβῆ-

255 4138 318 4176 καν
340 4118 467 4200 dieitur,
491 4136 540 4186 ost
562 4128 700 4192 aoristus
723 4126 810 4190 verbi
833 4118 973 4205 ἐμβαίνω
995 4127 1091 4212 vulgo
1121 4118 1263 4205 ἐμπαίνω
1289 4128 1356 4190 sive
