2908 4914
240 263 290 314 ΙΙΙ

239 429 315 508 nita
338 428 453 508 virtus
477 425 620 530 propria
653 426 770 527 gentis
795 425 1014 506 Graecorum
1046 431 1110 510 diu
1143 443 1258 514 tutata
1291 449 1348 516 est

240 563 395 666 lingnam
420 557 593 636 adversus
617 556 712 632 illam
737 569 887 661 pestem,
914 589 1006 662 quae
1031 565 1156 642 crebra
1182 595 1262 644 cum
1288 599 1347 648 ex-

240 703 396 770 terarum
424 690 609 768 nationum
639 690 770 792 linguis
802 696 1014 794 contagione
1044 701 1198 799 patrium
1229 706 1346 804 cujus·
1443 781 1444 798 1

239 824 295 902 vis
333 822 457 926 populi
492 845 695 900 sermonem
716 833 959 925 ‘corrumpere
1001 827 1106 905 solet.
1160 832 1344 934 Siquidem

239 955 336 1032 nulla
365 955 441 1032 lere
472 957 585 1055 major
614 953 755 1056 linguae
785 958 935 1032 mutatio
965 957 1058 1034 lacta
1090 973 1164 1052 est,
1198 990 1243 1039 ex
1274 989 1345 1066 quo

240 1088 370 1164 Graeci
394 1087 462 1161 sub
486 1094 612 1162 nutum
636 1084 880 1188 ditionemque
904 1088 1146 1165 Romanorum
1171 1117 1346 1192 parvane.

238 1227 332 1295 mue
382 1217 544 1294 Tametsi
569 1219 664 1296 enim
686 1219 796 1295 verba
820 1217 927 1294 latina
951 1219 1193 1321 loquendique
1211 1224 1345 1300 lormu-

238 1351 293 1426 lae
319 1349 493 1450 quaedam
517 1375 538 1424 a
561 1349 734 1426 Romanis
760 1360 884 1426 mutuo
908 1363 1047 1428 sumtae
1078 1353 1118 1428 in
1149 1380 1226 1428 eam
1257 1357 1346 1432 irre·
1444 1349 1446 1438 ζ

237 1491 398 1586 pserunt,
422 1491 542 1556 tamen
567 1480 730 1586 sincerus
756 1483 927 1559 orationis
952 1495 1059 1560 tenor
1082 1459 1259 1577 alsonus,
1285 1515 1346 1562 an·
1445 1561 1446 1576 1

237 1618 363 1713 tiquus
386 1613 446 1688 ille
470 1612 641 1712 loquendi
671 1612 770 1683 color
793 1621 831 1684 et
854 1611 982 1685 modus
1013 1613 1173 1711 nondum
1205 1617 1346 1694 deside.
1445 1583 1446 1586 Ἴ

235 1741 416 1818 rebantur.
466 1739 617 1814 Silentio
641 1748 786 1836 transeo
803 1763 877 1827 eos,
903 1740 965 1839 qui
984 1723 1095 1842 quum
1112 1772 1182 1822 nec
1198 1751 1341 1826 natione

236 1901 304 1950 nec
329 1871 488 1948 oratione
514 1869 643 1946 Graeci
669 1879 803 1961 essent,
828 1869 988 1949 deterius
1007 1901 1114 1976 quam
1130 1879 1201 1980 ipsi
1215 1865 1342 1958 Graeci

237 2006 450 2086 scribebant.
499 2002 599 2078 Haec
622 1999 698 2078 lere
722 2001 863 2105 linguae
887 2005 1046 2084 conditio
1067 2010 1171 2112 plura
1186 2039 1251 2114 per
1267 2039 1343 2089 sae·
1446 2049 1447 2122 ἦ

236 2137 314 2212 cula
339 2134 470 2209 mansit
494 2145 532 2208 et
557 2161 629 2234 quo
653 2144 815 2236 tempore
839 2139 909 2235 jam
935 2137 1057 2217 ltaliae
1078 2142 1198 2244 populi
1213 2166 1340 2238 perpe-

234 2269 308 2344 tuis
338 2265 566 2340 barbararum
603 2268 761 2368 gentium
798 2269 1062 2350 incursionibus
1091 2267 1247 2346 infestati
1278 2273 1337 2346 ad·

235 2399 380 2476 modum
415 2409 618 2502 corruptam
654 2373 889 2502 usurpabant!
907 2403 1098 2506 loquelam,
1138 2399 1247 2478 nituit
1270 2405 1338 2477 ad·
1447 2464 1448 2496 q

234 2535 306 2609 huc
331 2543 369 2610 et
392 2531 481 2607 llore
507 2531 660 2634 quodam
692 2537 885 2638 conspicua
916 2536 982 2608 luit
1011 2529 1068 2602 illa
1099 2528 1234 2634 lingua,
1268 2559 1339 2634 qua
1447 2515 1448 2520 Ἰ

232 2667 393 2745 Pericles
417 2666 502 2741 olim
526 2677 696 2768 tanquam
720 2663 872 2744 habenis
896 2661 1170 2740 Atheniensium
1202 2665 1338 2739 animos

233 2802 389 2876 llexerat
437 2797 605 2893 Namque
630 2795 787 2870 boudin
813 2800 937 2898 exigua
953 2791 1131 2866 felicitatis
1149 2803 1249 2889 parte
1267 2797 1337 2888 jam
1447 2769 1448 2820 l

235 2942 338 3007 antea
363 2923 513 3000 Graecis
538 2925 743 3025 ponendum
769 2939 855 3014 crat,
887 2922 984 3020 quod
1016 2920 1155 3020 imperii
1185 2921 1337 2996 Romani

234 3061 322 3137 sede
347 3084 367 3132 a
392 3053 631 3131 Constantino
654 3053 790 3155 Magno
814 3049 1027 3149 Byzantium
1056 3051 1227 3138 translata
1263 3081 1337 3130 non

232 3195 405 3280 Romana,
430 3186 495 3261 sed
522 3186 658 3264 Graeca
683 3182 822 3282 publica
848 3203 914 3277 per
936 3191 1054 3258 totum
1070 3185 1255 3286 imperium
1273 3187 1338 3260 lin-

235 3351 302 3422 gua
339 3325 510 3398 evaserat.
571 3315 799 3414 Quamquam
839 3309 933 3384 enim
962 3317 1069 3416 primi
1098 3317 1337 3416 Imperatores

232 3457 269 3529 in
295 3451 374 3536 aula
405 3445 599 3547 Byzantina
626 3441 734 3516 latine
758 3441 1005 3544 loquebantur,
1030 3473 1114 3524 mox
1130 3456 1249 3522 tamen
1272 3446 1338 3520 lin-

234 3613 302 3690 gua
337 3577 485 3657 Latialis
523 3573 722 3652 domestico
762 3573 982 3653 Graecorum
1022 3579 1178 3655 sermoni
1215 3578 1336 3654 cessit

87 3787 91 3800 ,
231 3720 285 3794 Aa
307 3738 393 3793 vero
417 3710 540 3812 negari
563 3734 637 3782 non
661 3717 794 3809 potest,
826 3709 1007 3808 ingentem
1037 3710 1291 3788 vocabulorum
1316 3735 1337 3782 a

194 3919 200 3931 ,
231 3844 405 3926 llomanis
432 3853 659 3945 acceptorum
684 3839 946 3916 multitudinem
970 3846 1039 3942 jam
1057 3854 1133 3919 tum
1152 3842 1247 3946 apud
1260 3842 1338 3943 ple-

231 3981 314 4055 bem
338 3975 539 4056 invaluissc.
587 3974 668 4050 Huc
692 3959 874 4075 pertinent
899 3968 967 4078 ῥὴξ
983 4001 1063 4062 rea,
1087 3975 1258 4052 ὀσπίηον
1272 3972 1336 4046 ho·
1388 4014 1395 4032 ·

232 4111 390 4214 opidum,
414 4107 551 4194 domus,
576 4105 763 4185 aeterua
780 4107 974 4209 palatium,
997 4102 1093 4196 ὃούξ
1109 4105 1188 4179 dux
1204 4113 1242 4178 et
1258 4103 1334 4176 alia.

231 4241 409 4347 Quamvis
440 4238 580 4320 seilicet
613 4237 777 4320 homines
814 4239 1008 4316 liberaliter
1043 4235 1185 4312 educati
1225 4245 1335 4336 atque
