2860 4870
1122 289 1189 362 111

84 495 204 553 sutum.
251 482 311 549 Sic
330 478 510 568 Procopius
533 477 676 544 Gerasus
698 479 751 546 lib.
770 480 787 545 l
809 479 939 581 Regurn
962 475 1193 573 οερ.1θπαρὰ

82 600 143 690 pulsu
164 599 296 683 Ἕλλησι
325 595 462 684 τάφρον,
490 592 577 682 παρὰ
604 593 639 662 δὲ
664 596 828 684 Ῥωμαίοις
856 597 1033 684 φωσσάτον.
1086 608 1192 674 Porro

81 741 205 797 costra
218 724 334 816 fossis
354 723 584 789 circumducta
607 727 662 790 sio·
678 728 885 790 nominantur
908 741 1001 811 atque
1024 731 1103 794 adeo
1123 732 1192 818 ipse

83 847 268 928 exercitus,
291 862 328 913 ut
349 849 459 912 multis
481 850 605 913 mediae
628 851 745 913 aetatis
767 850 962 935 scriptorum
983 852 1064 914 locis
1087 864 1192 914 osteu-

84 977 133 1038 dit
155 973 345 1055 Duoangius
373 972 423 1035 Gl.
452 973 543 1036 Tom.
567 972 601 1037 ll
627 994 659 1060 p.
685 969 780 1036 1691.
832 971 903 1038 Hoc
930 973 1002 1037 loco
1029 973 1194 1056 significat

85 1093 284 1170 exercitum,
305 1093 435 1181 copias.

215 1217 258 1280 V.
282 1217 357 1282 133.
403 1207 564 1300 ἀγήσουυ·
583 1220 605 1282 i.
639 1240 668 1282 e.
706 1206 877 1299 ἇργῆσωσι.
933 1219 1067 1283 Crusius
1095 1221 1191 1284 verbe

84 1331 181 1422 purple
202 1333 228 1399 ν’
252 1328 419 1420 ἀργῆσουν
433 1333 550 1411 πέπονες
564 1342 605 1405 ad
625 1341 768 1404 litteram
789 1341 940 1406 reddidit:
963 1339 1091 1428 opeque
1113 1363 1191 1406 erun·

84 1461 216 1528 claudo
230 1459 423 1548 quicquam,
438 1483 519 1543 quae
540 1465 764 1551 interpretatio
787 1483 829 1526 ne
844 1476 961 1528 teretes
983 1486 1078 1529 aures
1091 1465 1192 1528 olien-

84 1589 187 1666 deret‚
210 1607 231 1648 a
254 1587 375 1648 mesic
398 1597 523 1650 mutata
545 1598 608 1649 est:
631 1585 704 1651 sine
725 1583 800 1649 ulla
821 1583 1047 1650 crmctotr'orr'e.
1070 1620 1114 1632 -
1142 1581 1193 1666 ἐβ.
1229 1625 1236 1653 t

66 1707 190 1792 ’γῆκαυ
212 1707 233 1772 3
255 1728 339 1794 pers.
363 1708 407 1794 pl.
431 1729 498 1772 eor.
521 1708 592 1772 Iud.
616 1713 704 1773 verhi
728 1702 876 1790 ε’βγαίυω.
923 1709 972 1773 cf.
993 1730 1075 1773 vers.
1099 1707 1173 1775 185.

162 1893 166 1897 .
215 1830 259 1894 V.
281 1827 354 1894 131.
401 1825 641 1911 ἔμαζωχβῆκαυ
662 1834 757 1896 metri
789 1853 886 1896 eausa
914 1853 973 1918 pro
1005 1822 1192 1912 ἒμαζῶκβη·

80 1976 148 2016 mv
170 1957 191 2018 i.
215 1975 244 2018 e.
267 1941 517 2034 ἔμαςῶχῇησαν.
566 1954 643 2017 Vid.
668 1975 748 2036 quae
772 1957 1006 2020 observavimus
1030 1957 1070 2018 ad
1093 1975 1190 2020 verss.

79 2077 138 2158 31,
164 2074 226 2140 187
251 2087 283 2138 et
308 2074 377 2140 191.

136 2179 155 2203 *
217 2196 258 2264 V.
281 2195 357 2262 135.
402 2187 445 2258 tvi
467 2187 614 2278 μάῇουσι
636 2198 812 2282 vulgariter
833 2220 892 2286 pro
920 2189 963 2258 vol
983 2188 1125 2282 μᾶξτωσι.
1147 2236 1191 2250 -
1216 2225 1221 2236 ¹

81 2316 284 2405 ὀργισβῆκαν
305 2321 367 2384 vid.
390 2342 471 2384 vers.
495 2320 641 2408 praeced.

213 2443 257 2508 v.
281 2440 357 2506 eso.
403 2433 604 2520 ἀποφύσα..
636 2463 696 2524 pro
730 2411 914 2520 canoa„
948 2444 1010 2522 (cr.
1045 2443 1119 2505 arn.
1149 2445 1192 2508 ao

64 2589 112 2653 ¹v.
136 2565 184 2646 9.)
206 2563 227 2628 3
250 2581 334 2646 pers.
357 2559 402 2645 pl.
423 2560 505 2643 Imp.
528 2560 619 2620 verbi
640 2552 755 2636 ἀπορῶ.
805 2561 884 2622 Vid.
912 2581 992 2640 quoe
1015 2564 1193 2628 observavi-

83 2707 156 2752 mus
180 2685 325 2748 advers.
349 2678 425 2744 110.
448 2713 493 2728 -
515 2673 744 2759 ἕκὲρευὲἧκαν
766 2680 804 2742 el.
827 2700 908 2744 vers.
926 2677 1001 2746 131.
1029 2680 1078 2748 Eo
1096 2703 1194 2749 sensu

85 2829 149 2891 quo
184 2805 239 2869 hic
259 2805 370 2868 Zenus
393 2825 434 2867 ex
457 2801 648 2866 recentioris
670 2801 801 2886 linguae
830 2805 1061 2868 consuetudine
1088 2807 1193 2892 passi-

83 2951 157 2996 vum
179 2929 300 3017 posuit,
323 2937 446 2991 veteres
467 2927 608 2990 activum
630 2914 796 3006 ἒχθρεύειυ
816 2925 968 2992 adhibere
989 2927 1106 2991 solent.

217 3050 260 3114 V.
283 3049 359 3116 137.
404 3040 1189 3136 ptawaroqrdpocmuncius,legatus,caduceator.

83 3175 136 3240 Cl-
159 3176 281 3238 obscur.
305 3173 448 3235 advers.
471 3168 535 3234 131
566 3182 599 3234 et
619 3170 768 3255 Ducang.
796 3172 887 3236 Torn
910 3172 929 3236 1
950 3194 1024 3260 pag.
1048 3172 1122 3241 861.
1145 3188 1190 3224 -2-

80 3284 203 3377 qrrro'tw
224 3295 366 3382 simplici
388 3289 603 3375 adveniendi,
627 3291 829 3360 occurrendi
857 3305 891 3358 et
913 3293 1108 3384 attingendi
1131 3320 1189 3364 no.

80 3421 174 3484 tione
196 3419 355 3482 citerioris
378 3417 565 3502 graecitatis
587 3428 645 3483 cst
691 3415 752 3484 Sic
766 3421 838 3504 jctm
852 3418 1087 3508 Ptochoprodr.
1101 3421 1155 3488 lib.
1171 3421 1190 3488 I

79 3561 165 3608 vers.
190 3537 232 3604 13

234 3647 369 3740 ’ἔφθασα
390 3652 465 3741 πρὸς
485 3648 520 3719 rd
541 3650 679 3739 πέλωγος
700 3653 762 3718 τῶν
782 3648 1043 3740 εὖεργεττμιάτων.
1063 3695 1108 3708 -

80 3786 137 3851 De
158 3785 289 3847 nomine
307 3769 639 3864 ’Eumoorgouxdioffi
666 3801 727 3863 quo
749 3781 894 3846 redditur
922 3780 1092 3872 archetypi
1116 3774 1188 3866 ’Epa

80 3897 279 3988 βασίχυτρος
301 3906 339 3967 el.
360 3904 434 3969 adn·
458 3889 499 3970 ad
512 3925 600 3970 vers.
626 3903 679 3969 71.

217 4023 292 4091 138.
334 4017 407 4084 ’παῦ
424 4019 489 4086 ’rou
510 4028 532 4089 i.
555 4049 582 4091 e.
606 4020 687 4086 (1ποῦ
704 4007 788 4099 ἦτον.

218 4147 293 4215 139.
316 4138 454 4228 ραβδίὶ
476 4168 505 4209 e.
526 4139 668 4226 ῥαβδίον,
689 4136 814 4226 ῥάβδος.
849 4177 895 4197 -··
927 4134 1110 4231 mantue
1126 4171 1186 4239 pro
1301 4143 1304 4150 ¹

84 4272 280 4354 κρατοῦντας
306 4273 343 4342 i.⁸
358 4292 389 4339 e.
416 4264 557 4354 uuordo,
578 4281 615 4338 ut
635 4270 923 4341 demonstravimus
943 4274 986 4343 od
1007 4295 1088 4342 vers.
1114 4271 1187 4338 106.
