2870 4874
237 281 284 353 50

242 485 315 566 post
336 497 356 534 e
377 473 476 538 finale
495 470 638 535 vocalem
660 493 673 526 ε
696 466 833 532 addendi
857 465 917 546 (ei.
940 464 1076 530 Doridis
1098 461 1253 530 Methode
1270 485 1362 553 pour

244 599 367 664 etudier
389 596 422 660 la
443 595 562 678 langue
586 611 721 676 greeque
743 591 826 654 mod.
851 611 882 676 p.
906 587 980 669 60.)
1010 574 1059 646 ἕυε
1088 591 1271 675 usurpavit,
1305 614 1362 656 cu.

240 727 295 807 Jus
316 721 388 784 loeo
410 699 560 782 nonnulli
583 719 622 779 ob
645 713 923 801 pronunciationis
943 710 1168 793 aequalitatem
1185 699 1256 771 ἔυαι
1275 719 1362 780 sori.

246 854 389 932 pserunt,
412 842 514 904 donec
536 839 757 903 recentissime
780 837 883 898 forma
911 822 991 893 εἶναι
1013 835 1154 914 exstitit,
1184 854 1266 917 quac
1289 857 1360 902 ser·

248 966 355 1030 monis
384 964 465 1027 vitio
504 982 575 1025 cum
612 962 815 1041 antiquorum
849 956 1011 1021 infinitivo
1050 976 1232 1041 congruens
1269 979 1362 1025 nunc

251 1085 396 1150 omnium
417 1104 477 1148 usu
500 1083 686 1147 celebratur.
734 1082 904 1168 copiosius
926 1079 989 1144 hac
1011 1079 1050 1142 de
1078 1099 1114 1143 re
1142 1081 1210 1163 egit
1235 1079 1360 1147 Coraes

250 1197 405 1270 ’craece
427 1217 502 1268 tom.
526 1204 551 1266 1.
575 1223 647 1290 pag.
672 1203 724 1268 95.
769 1203 953 1267 lnedendo
972 1202 1111 1265 Zeniani
1135 1205 1243 1289 operis
1267 1215 1359 1270 textu

200 1315 203 1322 ⁴
251 1331 367 1420 ubique
396 1329 488 1415 posui
518 1314 567 1386 'e'vc
594 1347 652 1412 pro
684 1313 752 1384 ’έναι
782 1337 952 1413 propterea
980 1325 1063 1406 quod
1085 1323 1144 1388 illa
1167 1327 1270 1390 forma
1292 1349 1356 1392 ser·

251 1453 358 1517 monis
381 1451 489 1535 graeei
511 1463 647 1514 naturae
669 1449 939 1514 accommodatior
962 1459 1032 1510 est:
1073 1449 1167 1543 Quod
1195 1469 1291 1530 quum
1320 1453 1358 1514 de

253 1561 333 1634 εἶναι
355 1593 477 1654 quoque
493 1572 704 1656 judicandum
726 1573 784 1650 sit,
808 1590 875 1635 non
898 1569 1124 1655 vituperandus
1153 1583 1203 1635 est
1230 1571 1360 1638 Genna-

253 1697 335 1776 dius,
358 1713 452 1776 quem
475 1695 510 1758 in
532 1691 740 1774 Γραμμανικῇ
761 1691 812 1766 τῆς
836 1688 993 1766 ἕλληυικῆς
1014 1683 1162 1794 γλώσσης
1189 1695 1274 1780 apud
1296 1696 1361 1761 Ae.

254 1820 381 1904 ginetas
394 1816 480 1904 typis
492 1835 621 1895 excusa,
630 1825 815 1880 constanter
831 1801 891 1874 εἷνε
906 1835 964 1902 pro
981 1801 1062 1874 εἶναι
1074 1817 1242 1902 scripsisse
1256 1820 1358 1883 video.

385 1939 427 2004 Iu
448 1940 554 2003 verbis
576 1928 639 2018 μὴν
662 1928 802 2020 &cydone
824 1958 866 2002 ne
887 1946 1050 2002 coarctare
1071 1928 1134 2018 μὴν
1155 1958 1223 2002 non
1239 1954 1288 2004 est
1302 1963 1360 2006 an·

256 2063 416 2141 tiquorum
437 2052 501 2140 μὴν
523 2063 579 2125 sed
599 2052 644 2140 μὴ
668 2073 795 2124 auctum
818 2081 838 2125 a
861 2061 926 2125 fine
949 2063 988 2125 ob
1011 2073 1191 2142 sequentem
1213 2064 1359 2127 vocalem

255 2169 319 2240 rociv
340 2175 567 2255 ἐφελκυστιωῧ
593 2203 614 2241 ν
640 2181 828 2262 adjectione.
881 2180 969 2246 Sunt
1003 2194 1109 2247 tamen
1140 2179 1232 2244 hodic
1265 2185 1355 2266 apud

257 2299 410 2380 Graecos,
433 2300 487 2382 qui
509 2301 607 2362 etiam
632 2311 707 2363 ante
732 2322 907 2369 consonam
930 2306 1040 2371 dicant
1061 2298 1130 2386 μήν.

387 2419 429 2486 V.
455 2420 505 2487 10.
530 2408 623 2502 ’ἔπαρε
645 2423 854 2509 imperativus
871 2448 939 2492 eor.
957 2440 1084 2494 actast
1104 2429 1192 2492 verbi
1214 2419 1361 2506 ἕπαίρωω,

257 2536 607 2628 pugnantemquod
630 2547 825 2630 abantiquo
854 2543 968 2634 ἐπαίρω
996 2527 1156 2616 ωωιεινῑῑζ
1199 2550 1257 2614 Est
1284 2569 1362 2614 vero
1416 2594 1417 2609 ,

257 2668 417 2754 imprimis
438 2659 558 2748 παίρνω
580 2669 663 2754 apud
686 2675 881 2739 recentiores
903 2693 1005 2747 sermo,
1028 2670 1166 2758 ardere,
1189 2667 1281 2737 tollo.
1310 2671 1362 2736 Ci.

145 2761 149 2774 ¹
258 2800 428 2876 praeterea
448 2789 689 2854 adnotationem
713 2795 755 2858 ad
777 2796 934 2882 Poraphr.
957 2809 1037 2854 vers.
1062 2791 1114 2852 7t.

390 2909 573 2974 Particulae
588 2907 615 2970 εἰ
635 2933 706 2976 cum
722 2915 931 2997 conjunctivo
955 2911 1160 2991 constructio,
1183 2929 1279 2994 quam
1302 2931 1366 2978 no-

260 3040 327 3093 ster
350 3029 406 3096 hic
428 3030 535 3113 hebet,
559 3033 635 3102 lieet
657 3037 814 3099 veteribus
837 3032 923 3098 haud
945 3033 1059 3118 ignota
1080 3035 1134 3115 sit,
1156 3034 1195 3117 (v.
1216 3035 1299 3098 doct.
1324 3039 1365 3102 in

260 3151 383 3239 epham.
406 3155 468 3219 litt.
490 3153 719 3220 Halensdfflt')
733 3175 784 3218 no.
800 3154 852 3220 33.
877 3180 907 3244 p.
932 3155 1030 3239 272.)
1055 3156 1150 3223 hodie
1172 3169 1281 3222 tamen
1304 3179 1365 3243 pa·

261 3291 333 3336 rum
354 3277 474 3340 usitata
496 3289 553 3341 est.
583 3278 710 3342 Etenim
724 3289 854 3342 nostrae
866 3284 982 3344 aetatis
1004 3281 1179 3374 scriptores
1200 3283 1249 3344 sic
1270 3299 1364 3344 usur-

259 3404 338 3480 pant
359 3381 408 3454 dv.
454 3383 503 3460 c'f.
528 3401 569 3462 ad
590 3397 777 3493 paraplrras.
802 3420 883 3466 vers.
907 3400 958 3466 lti.
983 3433 1026 3446 -

392 3511 451 3578 tce
472 3540 532 3606 pro
554 3523 685 3602 antiquo
706 3509 757 3580 σύ.

390 3639 433 3701 V.
459 3639 507 3706 tt.
531 3638 635 3703 e’votim
657 3664 702 3706 ex·
720 3643 844 3729 piebeja
866 3643 1015 3726 loquendi
1037 3643 1164 3708 ratione
1186 3661 1246 3728 pro
1261 3644 1361 3708 τοῦτο.

257 3751 310 3817 'rte'
328 3777 361 3821 ro
383 3781 441 3848 pro
464 3758 533 3822 εἶπέ
551 3781 585 3822 ro
608 3765 629 3826 i.
652 3786 679 3826 e.
703 3757 768 3822 εἰπὲ
790 3756 875 3830 αὐτό.

389 3880 432 3944 V.
458 3881 508 3946 12.
543 3875 597 3959 vde
624 3876 701 3963 ῥῖμα
730 3905 838 3949 rursus
867 3903 926 3970 pro
953 3878 1008 3960 τὴν
1034 3879 1139 3968 diptota
1191 3889 1296 3953 Porro
1325 3879 1360 3950 sd

257 3987 347 4070 ’βαλε
369 3998 565 4068 detractione
587 4009 752 4088 augmenti
774 4025 831 4093 pro
853 3997 887 4066 cd
911 3994 1004 4084 ἔβαλε
1026 4010 1047 4072 i.
1072 4031 1098 4075 e.
1123 3999 1200 4070 αὐτὸ
1222 3998 1324 4088 ἔβαλε,

388 4120 428 4183 1η
449 4117 676 4204 acceptricem
698 4129 786 4193 deest
808 4143 1015 4213 augmentum
1044 4144 1118 4196 ante
1147 4134 1359 4219 praepositio·

256 4258 340 4319 nem,
363 4244 428 4305 nisi
452 4242 534 4304 sorte
557 4248 666 4313 Zenus
688 4244 716 4310 κ’
741 4243 983 4334 §semeptisum
1004 4256 1142 4342 scripsit.
