2870 4874
1155 289 1204 363 57

85 472 226 560 μααίαα.
279 479 364 544 Vide
398 498 480 562 quae
508 478 550 542 ed
579 496 704 543 vertum
733 481 977 566 praecedentem
1008 483 1047 548 de
1075 478 1205 552 moizon

87 604 245 668 diximus.

227 725 271 788 V.
297 722 349 788 11.
396 746 429 799 κ.
458 713 645 802 ἀνθρώπους
673 741 731 808 pro
758 715 814 783 nul
842 716 1038 806 ἀνθρώπους.
1086 729 1201 796 Retio·

84 870 179 928 nem,
203 866 260 910 cur
281 837 337 906 ecel
358 847 393 910 in
415 867 447 904 κι
475 844 530 908 hic
557 845 771 908 transmutari
798 860 909 927 queat,
926 851 997 931 J‘am
1019 849 1202 935 explanavi.

88 991 165 1033 mus
193 969 236 1033 ad
263 968 384 1052 dialogi
411 987 492 1032 vera.
525 966 556 1031 1.
586 1001 630 1013 -
659 956 865 1046 ε’μιμήὲησαν
891 970 913 1032 1.
943 991 970 1032 e.
1003 959 1202 1049 ἐμιμήσαντο.

89 1093 239 1156 Utuntur
259 1093 346 1155 enim
368 1102 553 1155 nostrorum
575 1102 754 1177 temporum
777 1090 896 1155 Graeci
911 1090 1048 1155 Paseivo
1069 1112 1129 1179 pro
1145 1113 1203 1182 au·
1252 1077 1256 1084 ¹

87 1216 253 1296 tiquorum
280 1214 409 1294 Medio,
432 1233 494 1296 quo
517 1223 646 1292 carent,
675 1213 709 1276 id
737 1213 820 1294 quod
842 1223 875 1277 et
897 1225 1019 1277 veteres
1041 1214 1203 1281 interdum

88 1338 206 1401 secisse
236 1347 364 1404 constat
385 1357 413 1399 v.
437 1357 463 1398 c.
492 1335 587 1398 Hom.
617 1333 735 1416 Odyss.
763 1335 799 1415 1,
829 1333 880 1400 31.
915 1333 972 1395 rori
999 1325 1046 1418 ὅγ’
1078 1332 1202 1418 decurva-

88 1450 185 1529 oreele
208 1446 266 1518 ’ἕπε’
291 1447 484 1529 ἀθανάτοισι
504 1446 707 1536 μετηύδα-
720 1447 791 1528 τσὺς
813 1441 924 1539 ἄνδρες
945 1457 1120 1542 vulgariter
1142 1481 1201 1549 pro

88 1571 165 1652 τοὺς
187 1566 315 1662 ἄνδρας.
361 1580 409 1644 Cl.
435 1599 515 1643 vers.
538 1576 614 1644 151.
637 1615 681 1628 -

223 1703 267 1767 V.
292 1701 343 1768 ta.
389 1691 494 1778 ὡσὰυ,
521 1722 580 1788 pro
607 1721 669 1785 quo
692 1713 725 1766 et
748 1694 814 1762 σὰν
836 1714 1019 1788 usurpatur,
1042 1705 1128 1791 apud
1151 1671 1200 1768 re-

91 1827 254 1892 cantiones
276 1825 443 1909 significat
464 1818 561 1899 sieut,
583 1833 633 1900 ut,
654 1821 754 1890 velut.
778 1860 822 1874 -
844 1815 993 1908 γιγάαες
1014 1848 1073 1913 pro
1088 1820 1202 1908 yiyav.

90 1971 157 2019 rue.
201 1949 254 2012 De
277 1959 411 2011 accentu
433 1947 630 2033 transposito
653 1948 725 2010 vide
752 1967 832 2031 quac
860 1949 1109 2016 notavimus'ad
1136 1951 1202 2020 dia-

93 2070 164 2153 logi
186 2089 267 2132 vere.
291 2067 322 2132 5.

224 2190 267 2253 V.
292 2189 364 2257 13..
394 2179 472 2250 ἔναυ
500 2211 566 2254 acc.
595 2192 682 2256 vocis
712 2181 795 2274 ἕνας,
828 2194 868 2256 de
890 2213 953 2277 qua
986 2194 1125 2262 diximus
1157 2196 1199 2260 ad

91 2314 215 2399 dialogi
242 2333 323 2380 vere.
350 2312 380 2376 2.
414 2348 458 2362 -
492 2304 602 2396 καιρὸς
628 2313 684 2379 hie
711 2335 778 2380 non
805 2327 855 2382 est
883 2325 1015 2405 tempus
1030 2327 1200 2404 ,opportet

91 2457 181 2518 num,
202 2452 240 2501 ut
260 2448 403 2501 veterum
425 2458 503 2500 usus
526 2439 645 2518 exigit,
667 2439 724 2498 sed
745 2406 895 2502 univerae
924 2446 1063 2524 tempus.
1114 2439 1201 2502 Nam

93 2581 137 2622 ex
157 2557 285 2639 vulgari
307 2557 537 2619 consuetudine
558 2546 673 2632 αρόνος
700 2554 750 2620 eet
772 2573 898 2629 (renue,
925 2550 1035 2635 καιρὸς
1061 2567 1202 2642 tempera,

97 2668 244 2758 εὐκαιρία
270 2677 402 2763 tempus
430 2681 662 2762 opportunum.
714 2673 765 2739 De
793 2674 855 2739 hac
876 2686 1036 2762 potestate
1057 2680 1203 2745 vocabuli

96 2787 210 2880 aalma
237 2799 308 2864 vide
330 2798 425 2862 ‘locos
453 2818 496 2861 ex
520 2797 713 2880 Byzantinis
745 2799 955 2885 scriptoribus
982 2817 1004 2864 a
1030 2795 1201 2886 Ducangio

95 2921 266 3006 allegatos3
298 2912 408 3002 καιρὸς
433 2925 503 3005 jam
536 2922 585 2985 sic
618 2891 787 2984 adhibetur
820 2923 861 2984 ab
895 2919 1082 2989 Herodiano
1114 2945 1143 2988 v.
1173 2947 1200 2989 c.

95 3046 147 3110 lib.
169 3045 204 3126 Ι,
228 3044 256 3109 1.
278 3037 374 3124 μέχρι
396 3038 457 3103 τῶν
479 3030 616 3122 Μάρκου
638 3041 766 3122 καιρῶν.
803 3043 857 3107 lib.
878 3045 906 3125 Ι,
932 3043 983 3108 12.
1006 3039 1073 3107 κατ’
1098 3041 1199 3110 ἐκεῖνο

94 3164 208 3247 καιροῦ
229 3177 324 3247 atque
347 3163 435 3229 alibi.
465 3195 508 3212 —
530 3163 571 3227 In
592 3157 732 3257 arigim
752 3185 812 3251 pro
834 3159 953 3246 ηὑρέθη
980 3169 1115 3232 barbare
1143 3170 1198 3234 ad-

91 3295 214 3375 J‘ectum
237 3297 286 3351 cst
307 3302 340 3366 ν’,
364 3288 412 3350 ita
434 3297 470 3351 ut
491 3283 572 3351 haec
600 3288 698 3354 tortia
724 3308 864 3375 persona
891 3310 962 3354 cum
989 3292 1096 3378 prima
1124 3313 1198 3358 con·

96 3423 199 3497 gruat.
249 3407 309 3474 sio
340 3421 374 3473 et
408 3407 599 3476 Theodorus
625 3410 821 3476 Prodromus
850 3412 889 3476 de
917 3412 1114 3500 Paupertate
1140 3436 1203 3503 aua¹

95 3555 173 3600 vers.
196 3532 250 3600 71.
274 3525 459 3609 ἐκτεαίσὲην
479 3555 538 3621 pro
561 3525 737 3608 ε’κηνίσὲαῑ.
783 3569 827 3580 -
872 3528 1041 3613 ἱδρωμὲαος
1062 3537 1198 3598 barbaro

95 3679 153 3722 usu
182 3677 243 3744 pro
276 3657 450 3743 participio
477 3655 584 3719 activi.
639 3655 731 3719 Idam
760 3655 931 3719 dicendum
958 3655 997 3717 de
1026 3655 1198 3742 participio

96 3800 163 3844 non
183 3779 327 3842 melioris
349 3791 457 3858 notae,
481 3777 564 3859 quod
586 3777 706 3861 legitur
727 3798 821 3841 versu
836 3776 982 3857 sequenti
996 3769 1198 3855 δαμασμεῆας.

96 3901 219 3970 Eadem
239 3902 367 3964 ratione
387 3901 646 3993 Barbarograeci
668 3890 1029 3976 dicunt'o’troaanne‘vog
1050 3909 1199 3968 ntor-tuus
1288 3880 1291 3888 ¹

98 4023 229 4103 atalia,
251 4039 332 4102 quae
354 4021 405 4084 vei
426 4023 642 4084 recentiorum
663 4021 848 4104 linguarum
870 4021 1048 4088 imitatione
1070 3999 1120 4088 vel
1142 4047 1198 4090 an-

98 4150 203 4230 tiquae
226 4141 409 4228 elegantiae
432 4143 589 4205 oblivione
611 4141 767 4227 paulatim
789 4143 1001 4210 invaluerunt
1113 4201 1116 4214 .

227 4267 268 4332 V·
293 4265 344 4333 11.
389 4266 430 4329 ln
454 4265 557 4328 verbla
580 4261 630 4338 τῆς
651 4255 752 4345 γᾶνας
775 4254 874 4348 ἔφυγε
892 4267 1060 4334 Genitlvus
1075 4266 1126 4338 τῆς
1140 4260 1198 4347 γά.
