2860 4870
257 245 327 320 118

256 436 308 504 vel
325 429 474 518 ἐμβαίνω.
518 431 718 498 Erudltlores
731 426 849 512 ε’μβῶσι
867 447 1023 521 usurpant
1041 435 1209 519 antiquam
1226 439 1369 508 forman

257 561 442 624 retinentes.

389 677 432 741 V.
456 675 531 744 264.
576 670 726 758 πνιγοῦσι
745 694 806 765 pro
827 675 962 760 ποιγῶσι
984 677 1009 743 3
1027 700 1111 766 pers.
1133 682 1176 768 pl.
1193 703 1267 748 aor.
1285 695 1366 774 eonj.

258 821 346 891 pass.
368 802 457 866 verbi
478 792 587 881 ποίγο.
925 777 930 786 ¹

391 923 434 986 V.
458 921 533 986 265.
578 911 622 980 vel
643 910 839 1002 doproloopev
860 921 1059 1010 periphrasis
1082 926 1198 1008 futuri,
1227 943 1267 995 ut
1291 937 1363 1000 vidi.

258 1063 329 1108 mus
351 1045 393 1109 od
415 1066 496 1108 vers.
519 1041 573 1108 22.

179 1139 183 1146 ”
391 1164 435 1228 V.
458 1165 533 1230 266.
578 1155 729 1270 dnolepd’
753 1166 775 1227 i.
794 1186 822 1227 e.
843 1157 995 1226 ἀπολείαν
1016 1189 1057 1231 ex
1078 1170 1259 1252 synizeseos
1278 1176 1361 1262 legi.

259 1291 329 1370 bus,
351 1289 408 1354 sod
429 1274 597 1366 ἀπώλειαν,
620 1288 652 1351 si
673 1285 875 1371 significatus
897 1289 1057 1354 rationem
1080 1290 1244 1360 habemus.

392 1407 435 1471 V.
457 1407 532 1475 267.
578 1403 699 1480 drodroc
719 1410 896 1494 vulgariter
916 1395 976 1498 pro
998 1399 1093 1484 οὗτος.
1116 1449 1159 1463 -
1182 1405 1290 1497 decerpe
1305 1422 1326 1486 i.
1337 1445 1362 1486 o.

189 1519 194 1525 ’
261 1518 389 1594 ἔπαυσε.
435 1531 511 1596 Vid.
546 1531 588 1594 ad
619 1552 702 1596 vers.
738 1531 812 1597 119.
850 1568 894 1580 -
930 1527 1046 1593 οἰκοῦσι
1073 1539 1176 1602 forma
1198 1563 1362 1631 syncopen
1419 1591 1420 1598 ,

259 1674 356 1740 passa
377 1673 436 1739 pro
459 1642 632 1729 ἀκούουσι,
653 1674 748 1734 quam
769 1654 853 1717 sieut
875 1653 957 1716 alias
980 1655 1075 1741 huJ'us
1097 1665 1228 1742 generis
1251 1669 1363 1751 vulgus
1419 1655 1420 1726 l

258 1775 408 1840 celebrat.
453 1772 584 1836 Vidosis
613 1773 751 1838 Coraem
778 1775 820 1837 ad
846 1774 961 1839 Ptooh.
983 1800 1015 1863 p.
1042 1779 1120 1862 104,
1147 1774 1212 1848 133
1232 1798 1266 1850 et
1293 1789 1364 1853 131.
1419 1807 1420 1810 ’

258 1894 318 1960 Est
346 1908 453 1961 autem
480 1887 597 1956 οἰκοῦσι
622 1907 734 1960 nostro
763 1896 834 1962 looo
862 1919 1015 1986 praesens
1045 1901 1251 1989 historicum,
1283 1914 1367 1992 quod
1419 1873 1420 1956 l

259 2017 393 2084 crustas
414 2021 556 2104 perlecto
578 2019 728 2084 reddidit.

389 2136 434 2202 V.
456 2138 530 2204 968.
574 2133 788 2219 dpparonodv
809 2143 913 2207 torma
926 2143 1068 2229 vulgaris
1084 2147 1104 2212 3
1118 2170 1200 2234 pers.
1216 2153 1261 2239 pl.
1276 2161 1370 2241 eonj.

257 2275 325 2320 aor.
348 2277 434 2343 pass.
457 2279 517 2344 pro
540 2252 771 2338 ἆρμοοοὲὤσι,
797 2265 881 2345 quod
902 2270 1031 2330 verbum
1052 2270 1189 2355 explicui
1209 2275 1251 2336 ad
1274 2297 1369 2342 vers.

257 2376 334 2444 226·
368 2413 412 2433 .·-
445 2371 634 2457 ἒβάλξοησαο
660 2401 728 2444 aor.
755 2403 840 2470 pass.
869 2390 958 2454 verbi
982 2381 1083 2468 patro,
1113 2391 1194 2470 quod
1220 2399 1366 2478 proprie

253 2497 403 2587 ponendi
424 2512 616 2588 potestatem
637 2502 743 2584 habet,
763 2513 931 2608 verninsi
946 2516 1014 2594 ejus
1032 2513 1191 2598 passivum
1206 2531 1371 2594 sequente

256 2617 300 2682 vol
321 2643 392 2687 eum
423 2627 626 2709 conjunctivo
655 2640 841 2715 usurpatur,
875 2613 937 2694 h'oo
970 2635 1157 2699 vocabulum
1189 2641 1369 2722 respondet

256 2747 323 2807 lere
351 2745 520 2810 Gallorum
547 2745 699 2828 loquendi
728 2750 898 2816 lormulaet
924 2771 962 2814 se
987 2761 1110 2816 mettre
1131 2755 1173 2830 ἀ,
1196 2759 1285 2823 velut
1308 2761 1366 2829 hie

255 2858 282 2924 ν’
305 2857 520 2946 ἀρματωξοοῦο
543 2859 729 2948 ἕβάλρησαο
751 2873 866 2955 gallice
886 2872 1028 2934 sonalitr
1051 2869 1097 2934 ils
1124 2894 1160 2938 se
1188 2874 1363 2946 mirentci

254 2985 413 3063 s'ormer,
440 3009 477 3052 se
504 3010 646 3055 oratore
673 3000 862 3080 coeperunt.
891 3028 936 3046 η
962 2981 995 3052 τὸ
1023 2982 1158 3075 {idoneor
1186 2998 1361 3070 deterioris

255 3106 450 3174 Graecitatis
472 3133 550 3192 vox,
574 3133 654 3194 quae
676 3127 709 3178 et
731 3115 827 3184 hodie
856 3118 976 3184 usitata
997 3130 1046 3182 est
1068 3115 1210 3186 herdam
1230 3127 1362 3209 signifi.

253 3249 349 3309 nans,
377 3235 466 3314 eujus
487 3237 590 3298 vleem
618 3247 727 3300 tamen
754 3249 787 3301 et
816 3232 835 3313 ἡ
863 3231 982 3318 βοτάνη
1011 3255 1043 3306 et
1071 3232 1104 3302 rd
1127 3234 1273 3322 {lordono
1298 3249 1359 3329 (ol.

251 3366 279 3415 v-
305 3346 389 3424 101)
417 3355 622 3435 antiquorum
649 3378 742 3422 voees
769 3379 831 3443 pro
861 3355 1019 3425 arbitratu
1044 3362 1203 3441 loquentis
1226 3369 1360 3456 explere

251 3481 394 3554 possunt.
425 3506 468 3526 τ
499 3467 571 3540 ’ποῦ
593 3475 721 3566 ortibus.
765 3475 825 3545 Sic
852 3481 940 3546 infra
967 3501 1047 3545 vers.
1073 3478 1148 3548 268.
1183 3517 1227 3538 ·-
1268 3490 1360 3565 ςοῦσι

249 3591 269 3662 l.
291 3613 319 3655 ο.
343 3591 427 3666 dolor.
450 3631 495 3650 -..

380 3714 421 3779 V.
444 3715 519 3786 269.
562 3708 678 3798 ηῧρασι
700 3723 842 3809 explicui
864 3746 892 3791 v.
916 3723 990 3792 227.

378 3835 420 3901 V.
444 3836 519 3906 270.
564 3837 703 3946 200leko
724 3841 779 3907 hie
799 3855 850 3910 est
871 3865 893 3908 a
914 3865 1000 3908 nom·
1024 3846 1108 3932 sing.
1125 3844 1277 3935 ’κοχλιός,
1302 3878 1359 3921 ou.

192 3949 194 3954 ’
240 3953 295 4033 jus
317 3951 390 4016 loeo
412 3969 536 4024 veteres
557 3950 689 4030 κοχλίου
710 3963 761 4026 vel
782 3953 899 4038 κόχλος
923 3967 1080 4034 dicebant.
1127 3974 1233 4048 Quum
1250 3977 1286 4038 in
1302 3997 1358 4042 ar.

244 4069 382 4160 ohetypo
415 4095 537 4164 quoque
564 4072 705 4158 κοχλίου
720 4180 722 4191 ¹
736 4086 796 4168 sit,
828 4088 931 4174 miror
961 4091 1113 4164 Crusium
1146 4093 1286 4168 κοχλιῶν
1316 4091 1360 4166 rel
