2870 4874
249 287 297 360 62

250 481 383 552 cubilia
406 479 507 546 dono.
532 511 575 530 -
599 473 662 562 a'ycl
685 473 729 542 col
749 476 812 540 σοῦ
831 472 965 561 χαρίσω.
1011 480 1073 545 llic
1088 500 1210 564 quoque
1226 471 1272 540 ud
1285 501 1365 547 eum

252 609 348 692 Conj.
371 607 470 670 futuri
492 603 691 692 periphrasis
714 614 771 668 est.
816 603 921 668 Porro
949 599 1010 663 σοῢ
1030 624 1089 690 pro
1119 594 1171 664 ool
1199 605 1365 692 accipien-

251 732 335 795 dum.
359 727 411 793 De
424 726 548 808 reliquo
562 718 683 808 καρῖςω
698 747 759 815 pro
775 715 948 807 χαρίζομαι
958 727 1149 790 recentioris
1165 728 1283 791 aetatis
1301 742 1364 794 est.

383 849 425 916 V.
450 846 502 915 id.
549 842 672 930 στρίφω
699 860 732 913 et
759 837 869 908 edoce
901 849 1066 913 inferioris
1093 848 1165 914 aevi
1191 849 1363 934 significa-

252 988 321 1040 tum
343 974 398 1038 hic
420 973 556 1052 habent,
580 974 627 1036 ita
648 983 685 1035 ut
713 970 849 1036 alterum
877 973 921 1036 sit
948 969 1090 1048 reduco,
1117 972 1255 1035 alterum
1278 994 1363 1058 pro·

252 1096 367 1178 mitto,
397 1098 435 1163 cl.
459 1095 592 1176 Corais,
617 1087 737 1156 ’Arm
758 1095 819 1175 ΙΙ..
842 1115 872 1180 p.
897 1090 972 1160 304.
1001 1129 1047 1142 -
1075 1085 1151 1154 πάλι
1176 1115 1236 1181 pro
1265 1085 1363 1157 πάλιν

247 1225 318 1304 jam
340 1219 462 1305 passim
484 1218 568 1304 apud
590 1218 739 1299 antiquos
768 1227 880 1303 poetas
901 1214 1029 1300 legitur.
1075 1249 1119 1262 ·-·
1161 1210 1279 1298 ὀμπρὸς
1296 1239 1356 1304 pro

253 1330 433 1422 ἔμπροσθεν
466 1361 506 1405 ex
538 1341 691 1424 analogia
724 1339 856 1422 linguae
889 1339 1042 1422 antiquae
1075 1359 1096 1404 a
1126 1341 1359 1405 recentioribus

252 1475 434 1551 usurpatur.
480 1464 602 1528 Notum
628 1463 799 1542 nimirum,
829 1481 923 1544 quam
949 1483 1045 1549 saepe
1073 1473 1145 1525 oet
1167 1484 1183 1520 ε
1209 1464 1245 1526 in
1276 1466 1360 1529 anti·
1412 1433 1416 1492 ¹

253 1609 387 1670 quorum
410 1585 557 1650 dialectis
580 1585 753 1650 alternent.
804 1584 890 1647 Vide
912 1585 1029 1648 Matth.
1054 1585 1110 1649 Gr.
1135 1585 1192 1648 Gr.
1215 1586 1308 1649 Tom.
1332 1589 1358 1651 Ι.

254 1731 329 1798 pag.
353 1708 406 1776 49.
430 1709 479 1772 ed.
502 1702 545 1768 ΙΙ.
570 1704 778 1790 significatio
801 1707 912 1770 eadem
935 1719 998 1787 est3
1021 1727 1120 1789 quare
1144 1706 1278 1773 Crusius
1293 1730 1359 1774 non

253 1847 340 1898 recte
363 1832 459 1896 vertit
480 1825 629 1894 ulterius.
681 1827 806 1894 Sensus
829 1841 893 1894 est:
923 1829 1098 1910 „reducam
1129 1842 1162 1895 te
1183 1832 1219 1896 in
1241 1831 1358 1914 locum,

252 1957 308 2021 ubi
330 1965 437 2020 osteo
461 1951 584 2019 luisti.”

384 2077 427 2139 V.
451 2075 503 2140 25.
549 2069 659 2152 rodeno
685 2081 707 2141 i.
732 2099 759 2140 e.
790 2067 913 2150 roduam
952 2110 995 2123 —
1033 2072 1094 2137 ποῢ
1121 2079 1158 2142 cl.
1183 2089 1295 2146 notata
1317 2082 1357 2144 ad

252 2217 331 2261 vers.
356 2195 387 2259 3.
411 2233 455 2243 -
478 2198 591 2275 mate
612 2217 672 2284 pro
695 2197 832 2278 ᾓεωρεῒς,
855 2199 958 2262 forma
980 2210 1154 2282 contracta,
1177 2222 1239 2284 qua
1260 2223 1353 2288 saepe
1415 2207 1416 2288 t

251 2336 338 2382 nunc
361 2315 475 2398 vulgus
497 2316 608 2378 utitur.
672 2317 808 2402 Legitur
831 2331 863 2382 et
886 2321 971 2383 inira
993 2341 1075 2387 vers.
1100 2321 1159 2388 tat
1184 2323 1357 2403 βωροῦσαν
1415 2397 1416 2400 ¹

253 2460 312 2528 pro
335 2437 529 2520 θεωροῦσαν.
552 2469 595 2488 -
617 2430 673 2515 olo
693 2431 827 2523 κυριεύω
850 2463 931 2508 nove
954 2445 1091 2527 dictum,
1117 2445 1227 2532 quippe
1248 2443 1357 2508 multa

255 2567 366 2644 verba,
390 2564 503 2646 quibus
531 2562 609 2627 clim
639 2567 799 2648 genitivus
828 2567 963 2653 adJ'ungi
989 2569 1128 2650 solebat,
1151 2571 1187 2633 in
1210 2567 1360 2654 citeriore

255 2689 431 2774 graecitate
463 2706 532 2751 cum
560 2687 756 2754 Accusativo
787 2701 1025 2755 construuntur.
1077 2691 1172 2756 Talia
1196 2703 1271 2756 sunt
1292 2685 1362 2751 δέο-

253 2834 328 2892 μαι,
361 2809 445 2891 quod
474 2829 553 2874 vers.
586 2810 613 2873 1.
643 2813 693 2876 sic
720 2820 905 2891 usurpatum
933 2807 1127 2884 invenimus,
1162 2805 1300 2888 κυριεύω
1330 2826 1365 2878 et

254 2933 336 3015 quod
358 2950 438 2996 vers.
463 2935 609 3014 sequenti
631 2943 737 2998 exstat
758 2917 923 3006 βασιλεύω.

386 3053 429 3115 V.
454 3051 507 3120 26.
553 3049 632 3116 ὃποῧ
658 3049 698 3115 ’νι
720 3047 781 3114 ε’ὃῶ
802 3054 824 3116 i.
849 3075 875 3117 e.
904 3045 982 3114 ὅπσῦ
1008 3039 1054 3112 ἐ’νι
1082 3045 1171 3112 idai·
1202 3055 1290 3131 Quid
1307 3061 1365 3140 ju.

256 3180 429 3244 dicandum
451 3182 495 3242 sit
517 3180 555 3242 de
580 3167 635 3258 ἔνι,
659 3141 824 3243 ddcuimus
847 3180 889 3244 ad
912 3179 1034 3264 dialogi
1060 3197 1140 3244 vers.
1164 3176 1194 3242 9.
1223 3212 1267 3225 -
1288 3172 1364 3254 iffi,
1412 3213 1413 3282 ᾖ

255 3298 337 3379 quod
365 3301 618 3378 transpositione
649 3300 830 3365 litterarum
858 3315 969 3366 natum
998 3303 1121 3364 videtur
1141 3322 1183 3362 ex
1205 3287 1281 3376 ὦδε,
1305 3302 1363 3366 ad·
1412 3295 1413 3300 ¹

255 3415 395 3480 verbium
419 3412 482 3474 loci
505 3427 564 3492 est,
588 3417 793 3496 significem:
817 3416 880 3482 hic.
919 3451 964 3468 -
1000 3419 1040 3478 In
1063 3407 1154 3483 ὅλους
1175 3433 1246 3486 τους
1267 3424 1363 3488 salvo

256 3559 353 3606 sensu
391 3539 501 3602 abesse
537 3545 663 3624 poterat
696 3555 783 3619 roco,
823 3539 905 3620 quod
938 3548 1045 3602 tamen
1077 3539 1362 3636 scriptor-noster

258 3665 374 3731 addere
420 3659 501 3724 solet
543 3671 616 3746 post
659 3660 818 3745 pluralem
857 3658 1002 3723 vocabuli
1039 3647 1117 3731 ὅλος.
1182 3661 1234 3727 Ita
1273 3667 1361 3732 intra

256 3807 337 3850 vers.
370 3783 431 3849 187
459 3771 525 3842 ὅλοι
559 3799 647 3858 τους,
681 3783 735 3846 ubi
763 3801 833 3849 vove
860 3799 957 3864 aegre
986 3783 1156 3847 transferri
1187 3797 1293 3872 potest
1324 3792 1359 3853 in

256 3907 339 3970 alias
361 3907 499 3989 linguas.
553 3903 655 3968 Ratio
683 3914 805 3980 autem,
835 3920 892 3964 cur
919 3875 1078 3988 adjectum
1100 3908 1159 3988 sit,
1189 3907 1358 3974 admodum

256 4029 354 4115 plana
377 4037 434 4088 est.
481 4028 566 4092 Nam
589 4048 684 4109 quum
706 4045 777 4096 rouo
798 4027 978 4114 possessive
1008 4039 1167 4116 potestate
1196 4033 1356 4115 iungatur,

257 4163 292 4214 ut
314 4139 354 4208 roi
375 4140 481 4251 colvm
508 4167 579 4220 coca
607 4147 724 4244 domus
745 4144 909 4234 ipsorum,
932 4162 1022 4238 patet
1049 4141 1113 4212 ὅλοι
1136 4169 1208 4223 τους
1229 4159 1358 4240 proprie

257 4293 327 4338 esse
350 4289 460 4337 omncs
482 4266 650 4356 ipsorum,
678 4273 762 4358 quod
790 4283 876 4340 recte
899 4273 1072 4353 diceretur,
1101 4277 1146 4356 si,
1170 4277 1223 4358 qui
1245 4293 1357 4343 omnes
