2870 4874
268 398 315 471 68

270 593 435 672 adverbio,
464 582 548 672 quod
569 585 624 652 hie
645 585 831 650 vertendum
854 579 942 647 sutis
964 599 1138 668 superque.
1163 567 1272 643 'Nam
1300 581 1382 646 Cru.

270 718 337 779 sius
358 714 468 800 lapsus
489 723 550 793 est,
572 698 706 790 περισσά
732 709 870 771 reddens
892 701 1037 791 optimis.
1088 702 1148 767 Est
1175 703 1277 784 igitur
1309 725 1381 768 sen.

181 834 184 838 ’
271 857 340 900 sus:
362 855 450 899 nunc
472 851 603 921 quoqne
625 827 708 893 eliis
729 826 864 892 abunde
884 823 1007 912 impleo
1029 832 1180 892 ventrem
1202 844 1324 892 meum.
1341 862 1379 871 -

271 947 327 1033 τὴν
353 947 457 1018 emeleri
477 979 543 1036 μου
564 975 623 1042 pro
646 943 701 1026 eise
722 942 845 1009 κοιλίαν
865 972 938 1029 μου.

403 1041 455 1139 Vv.
471 1075 524 1138 56.
570 1064 628 1133 ε’νὺ
649 1072 824 1156 vulgariter
846 1091 904 1156 pro
927 1063 978 1130 σύ.
1006 1105 1050 1115 -
1078 1068 1129 1130 De
1152 1065 1215 1138 πῶς
1237 1058 1281 1126 vri
1306 1057 1379 1150 ἔχῃς

273 1200 344 1262 vide
368 1219 448 1278 quae
471 1197 707 1259 observavimus
730 1195 771 1256 ad
794 1193 917 1276 dialogi
938 1212 1065 1255 versum
1089 1189 1116 1254 1.

406 1318 450 1380 V.
475 1317 527 1380 57.
573 1313 634 1375 ποῦ
656 1318 676 1378 i.
701 1336 729 1377 e.
752 1308 832 1374 ὀποῦ
860 1314 922 1378 hoe
949 1315 1020 1376 loco
1049 1313 1183 1398 perinde
1210 1324 1260 1376 est
1287 1326 1377 1396 atque

273 1433 303 1518 μ’
329 1428 403 1499 ἕλον
424 1432 503 1498 ὁποῧ
525 1459 634 1522 qruun,
651 1435 814 1521 quumvis.
860 1438 999 1500 Nostrae
1028 1437 1143 1498 aetatis
1173 1435 1291 1498 Graeci
1315 1457 1378 1499 non

273 1563 412 1648 amplius
435 1565 482 1626 sie
503 1571 660 1645 usurpant
682 1560 820 1645 simplex
842 1553 929 1617 ὀποῦ.
951 1592 994 1602 -
1017 1547 1136 1635 ὁμοιάς·’
1160 1550 1179 1630 ἡ
1202 1547 1292 1634 qtlor’
1318 1583 1379 1638 μοις
1420 1545 1421 1572 ¹

274 1703 332 1768 pro
355 1671 494 1762 ὃμοιάζει
515 1675 534 1756 ἡ
556 1671 650 1758 φύσις
671 1704 746 1761 prote,
769 1683 804 1742 in
827 1683 939 1760 quibus
961 1681 1066 1742 verbis
1089 1701 1153 1758 μας
1180 1682 1311 1765 proprie
1336 1693 1380 1745 est
1420 1653 1421 1696 1

275 1805 473 1867 aecusativus
495 1803 630 1890 pluralis
652 1804 853 1888 pronominis
876 1801 1056 1888 personalis
1071 1803 1194 1886 primae
1211 1823 1379 1886 personae,
1420 1881 1421 1898 χ

274 1945 354 2006 quae
377 1937 485 1988 tamen
508 1927 610 1988 forma
633 1935 666 1986 et
688 1926 868 2009 possessivo
890 1941 987 1987 sensu
1010 1925 1151 2008 ponitur.
1204 1923 1253 1986 Cf.
1283 1927 1380 1990 adno-
1420 1981 1421 2014 3

274 2048 431 2108 tationem
453 2048 493 2110 ad
515 2067 595 2110 vers.
621 2046 650 2110 l.
673 2078 716 2092 -
738 2040 880 2106 munione
902 2047 977 2126 quid
998 2046 1052 2120 sit,
1075 2047 1193 2128 conJiei
1215 2049 1287 2128 jam
1308 2061 1381 2132 pot-

274 2177 324 2228 est
355 2185 396 2227 ex
427 2168 486 2244 im,
521 2185 601 2244 quae
630 2165 672 2227 ed
688 2166 823 2249 “dialogi
850 2165 1021 2230 versum2
1049 2166 1089 2229 de
1118 2155 1205 2246 ἕνας,
1227 2161 1296 2246 μία,
1319 2158 1381 2226 ἕνα

275 2287 480 2348 commentati
503 2305 621 2347 sumus.
666 2285 727 2348 Isti
748 2287 873 2350 scilieet
902 2273 1063 2352 locutioni
1089 2291 1257 2375 opponitur
1280 2281 1382 2347 κανέ.
1420 2285 1421 2316 ¹

274 2429 332 2476 νας
355 2406 508 2489 (κανεῖς),
530 2400 812 2487 aunuatim-aomina
834 2409 885 2473 vel
906 2403 1027 2499 uentu&
1041 2390 1167 2483 mullus,
1188 2424 1298 2479 nem0,
1321 2408 1385 2470 vel

275 2526 453 2616 quisquam
476 2530 585 2593 addita
607 2530 783 2615 negatione
803 2555 833 2596 e.
857 2554 883 2596 e.
907 2523 983 2592 orire
1005 2529 1143 2602 κανένας
1164 2521 1217 2590 δὶν
1238 2517 1271 2586 rit
1293 2522 1383 2608 λέγει

275 2672 358 2715 nom
380 2671 474 2716 nemo
498 2649 562 2716 lmc
584 2650 686 2730 uicit,
715 2655 766 2718 vel
793 2673 860 2718 non
887 2652 973 2717 enim
996 2651 1175 2738 quisquam
1198 2649 1263 2715 lroc
1286 2648 1383 2714 dicit.

277 2773 396 2838 Carere
419 2796 540 2858 quoque
562 2775 844 2858 negantia-potest
872 2773 929 2832 ille
957 2772 1158 2846 enunciatio,
1188 2793 1252 2849 qua
1281 2775 1384 2835 comi.

275 2908 371 2958 netur
392 2897 515 2978 κανεῖς;
539 2909 605 2959 tum
627 2911 701 2956 vero
724 2890 904 2952 contrarius
926 2887 1054 2950 exsistit
1075 2907 1199 2968 sensus,
1223 2901 1275 2971 ut,
1300 2915 1383 2974 καμ.

276 3009 356 3095 μίαν
377 3010 496 3099 ἡμέραν
518 3005 567 3087 βά
589 3001 684 3090 ἔλθω,
707 3011 837 3097 gallice:
866 3007 910 3076 Je
938 3005 1096 3077 oieudroi
1124 3007 1268 3097 quelque
1290 3014 1385 3098 jour.

276 3137 356 3202 lnda
377 3151 476 3224 patet,
500 3139 561 3202 hoe
582 3138 689 3209 κανεΐς
712 3137 906 3224 respondere
929 3139 995 3200 lere
1016 3134 1173 3198 Italorum
1195 3139 1383 3220 pronomini

276 3253 410 3320 olcuno.
460 3259 582 3319 Natum
604 3281 673 3321 esse
695 3252 833 3326 κανένας
855 3280 896 3320 ex
917 3245 982 3341 aiio
1003 3269 1035 3319 et
1058 3247 1131 3326 ἕνας
1152 3257 1247 3320 dubio
1269 3269 1379 3335 vaeat;
1420 3343 1421 3346 Ἴ

276 3391 338 3452 que
360 3371 399 3432 de
420 3390 456 3432 re
478 3371 632 3450 legendus
662 3375 782 3446 Carnes
805 3377 845 3437 ad
868 3375 1097 3456 Ptoehoprodr.
1118 3393 1193 3456 pag.
1219 3373 1292 3438 110.
1420 3359 1421 3368 ¹

405 3489 449 3553 V.
473 3486 526 3554 58.
570 3481 698 3565 initient}
719 3513 784 3570 μου
805 3495 891 3554 med.
936 3491 1013 3554 Vid.
1037 3511 1134 3576 supra
1157 3493 1304 3560 advers.
1328 3496 1374 3562 20.

277 3647 319 3664 --
342 3603 437 3694 ὅμοιά
455 3605 500 3672 ’νε
521 3633 580 3699 pro
603 3604 698 3694 ὁμοία
721 3599 770 3671 ''eua
792 3615 814 3676 i.
838 3633 866 3674 e.
890 3603 985 3692 ὁμοία
1007 3603 1101 3673 ἐστίν.

400 3698 450 3798 il.
473 3732 526 3801 59.
570 3725 598 3794 κ’
623 3729 692 3794 ἐκεῖ
705 3727 750 3792 ’νε
771 3753 830 3819 pro
852 3724 910 3792 eni
932 3727 1000 3792 ἐκεῖ
1016 3719 1066 3790 loe
1087 3721 1194 3816 (εἶνε).

406 3857 450 3918 V.
473 3855 525 3921 60.
571 3853 681 3919 Verba
697 3849 733 3914 ἐκ
754 3853 809 3914 νοῢ
832 3849 922 3936 nepoti
942 3846 982 3914 roi
1003 3839 1125 3933 βόνανα
1145 3849 1296 3938 plurmi
1312 3847 1374 3940 rpo-

275 3961 318 4050 φή
340 3991 402 4033 σου
422 3993 490 4038 non
518 3981 599 4041 hene
620 3977 668 4038 sie
689 3976 864 4038 redduntur
892 3996 913 4039 e
942 3975 1070 4040 Crusio:
1103 3997 1151 4042 ex
1179 3999 1273 4064 equa
1302 3977 1375 4045 her-

276 4089 343 4156 bae
361 4087 452 4177 fiunt
474 4091 669 4158 alimonium
691 4102 791 4161 tuum.
837 4095 908 4160 Etsi
930 4099 1019 4162 enim
1039 4119 1096 4185 per
1110 4120 1145 4162 se
1160 4099 1245 4163 nihil
1263 4091 1303 4164 iri
1314 4101 1375 4166 hae

276 4214 540 4300 interpretatione
563 4217 805 4302 vituperandum
827 4231 886 4299 est,
902 4232 1011 4284 tamen
1027 4221 1177 4300 loquendi
1192 4243 1266 4284 usus
1283 4223 1374 4286 Zeno

274 4332 447 4398 familiaris
468 4353 600 4422 prorsus
622 4351 789 4427 repugnat.
836 4341 889 4406 Ae
910 4343 1000 4427 prius
1022 4341 1148 4423 quidem
1170 4345 1210 4408 ab
1232 4363 1272 4409 ea
1292 4357 1374 4408 stru-
