<?xml version="1.0" encoding="UTF-8"?>
<!DOCTYPE html PUBLIC "-//W3C//DTD XHTML 1.0 Transitional//EN"
    "http://www.w3.org/TR/xhtml1/DTD/xhtml1-transitional.dtd">
<html xmlns="http://www.w3.org/1999/xhtml" xml:lang="en" lang="en">
 <head>
  <title>
</title>
<meta http-equiv="Content-Type" content="text/html;charset=utf-8" />
  <meta name='ocr-system' content='tesseract 3.04.00' />
  <meta name='ocr-capabilities' content='ocr_page ocr_carea ocr_par ocr_line ocrx_word'/>
</head>
<body>
  <div class='ocr_page' id='page_1' title='image "./demetriizenipar01mullgoog_0200.png"; bbox 0 0 2860 4870; ppageno 0'>
   <div class='ocr_carea' id='block_1_1' title="bbox 229 301 297 378">
    <p class='ocr_par' dir='ltr' id='par_1_1' title="bbox 229 301 297 378">
     <span class='ocr_line' id='line_1_1' title="bbox 229 301 297 378; baseline -0.059 0"><span class='ocrx_word' id='word_1_1' title='bbox 229 301 297 378; x_wconf 76' lang='lat'><strong>132</strong></span> 
     </span>
    </p>
   </div>
   <div class='ocr_carea' id='block_1_2' title="bbox 274 467 1346 569">
    <p class='ocr_par' dir='ltr' id='par_1_2' title="bbox 274 467 1346 569">
     <span class='ocr_line' id='line_1_2' title="bbox 274 467 1346 569; baseline -0.014 -12"><span class='ocrx_word' id='word_1_2' title='bbox 274 467 290 486; x_wconf 88' lang='grc'><em>“</em></span> <span class='ocrx_word' id='word_1_3' title='bbox 363 491 406 555; x_wconf 92' lang='lat' dir='ltr'><strong>v.</strong></span> <span class='ocrx_word' id='word_1_4' title='bbox 429 484 506 554; x_wconf 70' lang='grc' dir='ltr'><strong>ιιι.</strong></span> <span class='ocrx_word' id='word_1_5' title='bbox 550 482 668 566; x_wconf 53' lang='lat' dir='ltr'><strong>prece,</strong></span> <span class='ocrx_word' id='word_1_6' title='bbox 694 479 763 569; x_wconf 68' lang='lat' dir='ltr'><strong>pro·</strong></span> <span class='ocrx_word' id='word_1_7' title='bbox 783 497 845 561; x_wconf 68' lang='lat' dir='ltr'><strong>quo</strong></span> <span class='ocrx_word' id='word_1_8' title='bbox 873 487 906 541; x_wconf 68' lang='lat' dir='ltr'><strong>et</strong></span> <span class='ocrx_word' id='word_1_9' title='bbox 934 469 1051 557; x_wconf 59' lang='grc' dir='ltr'><strong>ἐμῆ...</strong></span> <span class='ocrx_word' id='word_1_10' title='bbox 1079 483 1111 537; x_wconf 70' lang='lat' dir='ltr'><strong>c</strong></span> <span class='ocrx_word' id='word_1_11' title='bbox 1134 467 1256 554; x_wconf 59' lang='lat' dir='ltr'><strong>appan}</strong></span> <span class='ocrx_word' id='word_1_12' title='bbox 1279 471 1346 542; x_wconf 73' lang='lat' dir='ltr'><strong>arc</strong></span> 
     </span>
    </p>
   </div>
   <div class='ocr_carea' id='block_1_3' title="bbox 233 585 1344 708">
    <p class='ocr_par' dir='ltr' id='par_1_3' title="bbox 233 585 1344 708">
     <span class='ocr_line' id='line_1_3' title="bbox 233 585 1344 708; baseline -0.022 -24"><span class='ocrx_word' id='word_1_13' title='bbox 233 626 372 708; x_wconf 82' lang='lat' dir='ltr'><strong>poterat,</strong></span> <span class='ocrx_word' id='word_1_14' title='bbox 394 631 462 678; x_wconf 84' lang='lat' dir='ltr'><strong>aar.</strong></span> <span class='ocrx_word' id='word_1_15' title='bbox 483 609 573 676; x_wconf 85' lang='lat' dir='ltr'><strong>verbi</strong></span> <span class='ocrx_word' id='word_1_16' title='bbox 595 595 751 686; x_wconf 77' lang='grc' dir='ltr'><strong><em>ἐμβαίνω,</em></strong></span> <span class='ocrx_word' id='word_1_17' title='bbox 773 601 868 685; x_wconf 87' lang='lat' dir='ltr'><strong>vulgo</strong></span> <span class='ocrx_word' id='word_1_18' title='bbox 891 589 1032 678; x_wconf 75' lang='grc' dir='ltr'><strong>ἕμιιαίνω</strong></span> <span class='ocrx_word' id='word_1_19' title='bbox 1053 598 1121 662; x_wconf 78' lang='lat' dir='ltr'><strong>sive</strong></span> <span class='ocrx_word' id='word_1_20' title='bbox 1142 585 1282 675; x_wconf 80' lang='grc' dir='ltr'><strong>μπαίνω.</strong></span> <span class='ocrx_word' id='word_1_21' title='bbox 1306 600 1344 662; x_wconf 82' lang='lat' dir='ltr'><strong>ci.</strong></span> 
     </span>
    </p>
   </div>
   <div class='ocr_carea' id='block_1_4' title="bbox 235 709 1342 946">
    <p class='ocr_par' dir='ltr' id='par_1_4' title="bbox 235 709 1342 946">
     <span class='ocr_line' id='line_1_4' title="bbox 235 709 1342 809; baseline -0.023 -1"><span class='ocrx_word' id='word_1_22' title='bbox 235 741 278 808; x_wconf 91' lang='lat' dir='ltr'><strong>ad</strong></span> <span class='ocrx_word' id='word_1_23' title='bbox 300 757 379 804; x_wconf 88' lang='lat' dir='ltr'><strong>vers.</strong></span> <span class='ocrx_word' id='word_1_24' title='bbox 405 729 479 800; x_wconf 88' lang='grc'><strong>114.</strong></span> <span class='ocrx_word' id='word_1_25' title='bbox 508 764 552 778; x_wconf 91' lang='grc'>-</span> <span class='ocrx_word' id='word_1_26' title='bbox 578 717 675 809; x_wconf 75' lang='grc' dir='ltr'><strong>χωρὶς</strong></span> <span class='ocrx_word' id='word_1_27' title='bbox 695 713 809 806; x_wconf 66' lang='lat' dir='ltr'><strong>rippa?</strong></span> <span class='ocrx_word' id='word_1_28' title='bbox 833 723 856 785; x_wconf 85' lang='lat' dir='ltr'><strong>i.</strong></span> <span class='ocrx_word' id='word_1_29' title='bbox 878 743 908 784; x_wconf 86' lang='lat' dir='ltr'><strong>e.</strong></span> <span class='ocrx_word' id='word_1_30' title='bbox 930 709 1058 801; x_wconf 68' lang='grc' dir='ltr'><strong>τήρησιν</strong></span> <span class='ocrx_word' id='word_1_31' title='bbox 1078 715 1151 782; x_wconf 81' lang='lat' dir='ltr'><strong>sine</strong></span> <span class='ocrx_word' id='word_1_32' title='bbox 1172 716 1342 801; x_wconf 70' lang='lat' dir='ltr'><strong>cavatione,</strong></span> 
     </span>
     <span class='ocr_line' id='line_1_5' title="bbox 236 843 1019 946; baseline -0.029 -18"><span class='ocrx_word' id='word_1_33' title='bbox 236 882 317 946; x_wconf 86' lang='lat' dir='ltr'><strong>quas</strong></span> <span class='ocrx_word' id='word_1_34' title='bbox 339 855 509 928; x_wconf 83' lang='lat' dir='ltr'><strong>deterioris</strong></span> <span class='ocrx_word' id='word_1_35' title='bbox 532 849 718 937; x_wconf 75' lang='lat' dir='ltr'><strong>graecitatis</strong></span> <span class='ocrx_word' id='word_1_36' title='bbox 739 843 937 930; x_wconf 84' lang='lat' dir='ltr'><strong>significatio</strong></span> <span class='ocrx_word' id='word_1_37' title='bbox 959 851 1019 907; x_wconf 84' lang='lat' dir='ltr'><strong>cst.</strong></span> 
     </span>
    </p>
   </div>
   <div class='ocr_carea' id='block_1_5' title="bbox 369 905 1412 1045">
    <p class='ocr_par' dir='ltr' id='par_1_5' title="bbox 369 905 1412 1045">
     <span class='ocr_line' id='line_1_6' title="bbox 369 905 1412 1045; baseline -0.064 -2"><span class='ocrx_word' id='word_1_38' title='bbox 369 977 413 1045; x_wconf 89' lang='lat' dir='ltr'><strong>V.</strong></span> <span class='ocrx_word' id='word_1_39' title='bbox 435 975 511 1042; x_wconf 83' lang='lat'><strong>353.</strong></span> <span class='ocrx_word' id='word_1_40' title='bbox 558 964 684 1043; x_wconf 79' lang='grc' dir='ltr'><strong>ἐπίιυχε</strong></span> <span class='ocrx_word' id='word_1_41' title='bbox 705 970 727 1033; x_wconf 86' lang='lat' dir='ltr'><strong>i.</strong></span> <span class='ocrx_word' id='word_1_42' title='bbox 751 990 769 1032; x_wconf 71' lang='grc' dir='ltr'>ο</span> <span class='ocrx_word' id='word_1_43' title='bbox 792 959 933 1039; x_wconf 54' lang='grc' dir='ltr'><strong>ἐπέτυχε,</strong></span> <span class='ocrx_word' id='word_1_44' title='bbox 955 999 1000 1012; x_wconf 87' lang='lat'><strong>...</strong></span> <span class='ocrx_word' id='word_1_45' title='bbox 1026 962 1079 1033; x_wconf 59' lang='lat' dir='ltr'><strong>De</strong></span> <span class='ocrx_word' id='word_1_46' title='bbox 1100 954 1188 1043; x_wconf 66' lang='grc' dir='ltr'>μέσα</span> <span class='ocrx_word' id='word_1_47' title='bbox 1211 955 1255 1032; x_wconf 53' lang='grc' dir='ltr'><strong>εἷς</strong></span> <span class='ocrx_word' id='word_1_48' title='bbox 1278 962 1344 1026; x_wconf 53' lang='grc' dir='ltr'><strong><em>Μ</em></strong></span> <span class='ocrx_word' id='word_1_49' title='bbox 1411 905 1412 976; x_wconf 79' lang='lat' dir='ltr'><strong>i</strong></span> 
     </span>
    </p>
   </div>
   <div class='ocr_carea' id='block_1_6' title="bbox 239 1096 1334 1294">
    <p class='ocr_par' dir='ltr' id='par_1_6' title="bbox 239 1096 1334 1294">
     <span class='ocr_line' id='line_1_7' title="bbox 239 1096 462 1172; baseline -0.049 0"><span class='ocrx_word' id='word_1_50' title='bbox 239 1105 282 1172; x_wconf 85' lang='lat' dir='ltr'><strong>ad</strong></span> <span class='ocrx_word' id='word_1_51' title='bbox 303 1121 386 1168; x_wconf 88' lang='lat' dir='ltr'><strong>vers.</strong></span> <span class='ocrx_word' id='word_1_52' title='bbox 408 1096 462 1163; x_wconf 88' lang='lat'><strong>73.</strong></span> 
     </span>
     <span class='ocr_line' id='line_1_8' title="bbox 369 1199 1334 1294; baseline -0.019 -10"><span class='ocrx_word' id='word_1_53' title='bbox 369 1217 412 1284; x_wconf 90' lang='lat' dir='ltr'><strong>V.</strong></span> <span class='ocrx_word' id='word_1_54' title='bbox 433 1212 510 1282; x_wconf 90' lang='grc'><strong>354.</strong></span> <span class='ocrx_word' id='word_1_55' title='bbox 554 1213 606 1277; x_wconf 88' lang='lat' dir='ltr'><strong>De</strong></span> <span class='ocrx_word' id='word_1_56' title='bbox 627 1229 704 1274; x_wconf 81' lang='lat' dir='ltr'><strong>voca</strong></span> <span class='ocrx_word' id='word_1_57' title='bbox 726 1199 842 1290; x_wconf 79' lang='grc' dir='ltr'><strong>ὀμπρός</strong></span> <span class='ocrx_word' id='word_1_58' title='bbox 866 1207 1029 1294; x_wconf 72' lang='lat' dir='ltr'><strong>disputavi</strong></span> <span class='ocrx_word' id='word_1_59' title='bbox 1056 1206 1098 1270; x_wconf 91' lang='lat' dir='ltr'><strong>ad</strong></span> <span class='ocrx_word' id='word_1_60' title='bbox 1120 1225 1204 1270; x_wconf 80' lang='lat' dir='ltr'><strong>vers.</strong></span> <span class='ocrx_word' id='word_1_61' title='bbox 1223 1201 1271 1267; x_wconf 74' lang='grc'><strong>24.</strong></span> <span class='ocrx_word' id='word_1_62' title='bbox 1293 1239 1334 1251; x_wconf 94' lang='grc'><strong>-</strong></span> 
     </span>
    </p>
   </div>
   <div class='ocr_carea' id='block_1_7' title="bbox 241 1313 1342 1432">
    <p class='ocr_par' dir='ltr' id='par_1_7' title="bbox 241 1313 1342 1432">
     <span class='ocr_line' id='line_1_9' title="bbox 241 1313 1342 1432; baseline -0.021 -26"><span class='ocrx_word' id='word_1_63' title='bbox 241 1332 445 1425; x_wconf 44' lang='lat' dir='ltr'><strong>{tacuitque</strong></span> <span class='ocrx_word' id='word_1_64' title='bbox 466 1333 608 1423; x_wconf 86' lang='lat' dir='ltr'><strong>explicui</strong></span> <span class='ocrx_word' id='word_1_65' title='bbox 630 1351 711 1397; x_wconf 89' lang='lat' dir='ltr'><strong>vers.</strong></span> <span class='ocrx_word' id='word_1_66' title='bbox 736 1327 809 1394; x_wconf 85' lang='grc'><strong>178.</strong></span> <span class='ocrx_word' id='word_1_67' title='bbox 838 1363 882 1376; x_wconf 88' lang='lat'><strong>-</strong></span> <span class='ocrx_word' id='word_1_68' title='bbox 898 1313 1013 1432; x_wconf 64' lang='lat' dir='ltr'><strong>¹ippum</strong></span> <span class='ocrx_word' id='word_1_69' title='bbox 1034 1328 1111 1409; x_wconf 87' lang='lat' dir='ltr'><strong>quid</strong></span> <span class='ocrx_word' id='word_1_70' title='bbox 1132 1337 1245 1391; x_wconf 84' lang='lat' dir='ltr'><strong>nostro</strong></span> <span class='ocrx_word' id='word_1_71' title='bbox 1266 1338 1342 1390; x_wconf 87' lang='lat' dir='ltr'><strong>tem.</strong></span> 
     </span>
    </p>
   </div>
   <div class='ocr_carea' id='block_1_8' title="bbox 233 1438 1346 1555">
    <p class='ocr_par' dir='ltr' id='par_1_8' title="bbox 233 1438 1346 1555">
     <span class='ocr_line' id='line_1_10' title="bbox 233 1438 1346 1555; baseline -0.016 -24"><span class='ocrx_word' id='word_1_72' title='bbox 233 1463 321 1555; x_wconf 76' lang='lat' dir='ltr'><strong>&#39;pere</strong></span> <span class='ocrx_word' id='word_1_73' title='bbox 342 1462 429 1551; x_wconf 84' lang='lat' dir='ltr'><strong>apud</strong></span> <span class='ocrx_word' id='word_1_74' title='bbox 450 1460 591 1524; x_wconf 83' lang='lat' dir='ltr'><strong>Graecos</strong></span> <span class='ocrx_word' id='word_1_75' title='bbox 613 1453 729 1532; x_wconf 84' lang='lat' dir='ltr'><strong>valeat,</strong></span> <span class='ocrx_word' id='word_1_76' title='bbox 752 1451 822 1516; x_wconf 82' lang='lat' dir='ltr'><strong>dixi</strong></span> <span class='ocrx_word' id='word_1_77' title='bbox 843 1469 926 1517; x_wconf 84' lang='lat' dir='ltr'><strong>vers.</strong></span> <span class='ocrx_word' id='word_1_78' title='bbox 952 1438 1092 1514; x_wconf 71' lang='lat' dir='ltr'><strong>ttu‘-</strong></span> <span class='ocrx_word' id='word_1_79' title='bbox 1113 1441 1231 1508; x_wconf 74' lang='grc' dir='ltr'><strong>λαλίαν</strong></span> <span class='ocrx_word' id='word_1_80' title='bbox 1251 1450 1346 1513; x_wconf 90' lang='lat' dir='ltr'><strong>metri</strong></span> 
     </span>
    </p>
   </div>
   <div class='ocr_carea' id='block_1_9' title="bbox 243 1570 574 1674">
    <p class='ocr_par' dir='ltr' id='par_1_9' title="bbox 243 1570 574 1674">
     <span class='ocr_line' id='line_1_11' title="bbox 243 1570 574 1674; baseline -0.036 -23"><span class='ocrx_word' id='word_1_81' title='bbox 243 1589 351 1674; x_wconf 81' lang='lat' dir='ltr'><strong>gratia</strong></span> <span class='ocrx_word' id='word_1_82' title='bbox 371 1605 431 1673; x_wconf 82' lang='lat' dir='ltr'><strong>pre</strong></span> <span class='ocrx_word' id='word_1_83' title='bbox 452 1570 574 1642; x_wconf 78' lang='grc' dir='ltr'><strong>λαλιάν.</strong></span> 
     </span>
    </p>
   </div>
   <div class='ocr_carea' id='block_1_10' title="bbox 375 1686 1348 1778">
    <p class='ocr_par' dir='ltr' id='par_1_10' title="bbox 375 1659 1412 1782">
     <span class='ocr_line' id='line_1_12' title="bbox 375 1686 1348 1778; baseline -0.009 -11"><span class='ocrx_word' id='word_1_84' title='bbox 375 1705 419 1769; x_wconf 88' lang='lat' dir='ltr'><strong>V.</strong></span> <span class='ocrx_word' id='word_1_85' title='bbox 442 1701 518 1770; x_wconf 80' lang='lat'><strong>356.</strong></span> <span class='ocrx_word' id='word_1_86' title='bbox 554 1686 1348 1778; x_wconf 65' lang='lat' dir='ltr'><strong>mrapcucvpce‘voviae.mrauccpoccupe&#39;vovomissa</strong></span> 
     </span>
    </p>
   </div>
   <div class='ocr_carea' id='block_1_11' title="bbox 244 1819 1354 2396">
    <p class='ocr_par' dir='ltr' id='par_1_11' title="bbox 244 1819 921 1919">
     <span class='ocr_line' id='line_1_13' title="bbox 244 1819 921 1919; baseline -0.031 -20"><span class='ocrx_word' id='word_1_87' title='bbox 244 1829 508 1919; x_wconf 58' lang='lat' dir='ltr'><strong>reduplicatum,</strong></span> <span class='ocrx_word' id='word_1_88' title='bbox 529 1834 566 1888; x_wconf 89' lang='lat' dir='ltr'><strong>ut</strong></span> <span class='ocrx_word' id='word_1_89' title='bbox 587 1821 702 1886; x_wconf 86' lang='lat' dir='ltr'><strong>solent·</strong></span> <span class='ocrx_word' id='word_1_90' title='bbox 714 1819 921 1882; x_wconf 79' lang='lat' dir='ltr'><strong>recentiores.</strong></span> 
     </span>
    </p>

    <p class='ocr_par' dir='ltr' id='par_1_12' title="bbox 248 1922 1354 2396">
     <span class='ocr_line' id='line_1_14' title="bbox 378 1922 1349 2030; baseline -0.01 -24"><span class='ocrx_word' id='word_1_91' title='bbox 378 1948 422 2013; x_wconf 87' lang='lat' dir='ltr'><strong>V.</strong></span> <span class='ocrx_word' id='word_1_92' title='bbox 445 1947 522 2014; x_wconf 86' lang='lat'><strong>357.</strong></span> <span class='ocrx_word' id='word_1_93' title='bbox 568 1937 647 2004; x_wconf 77' lang='grc' dir='ltr'><em>ὃποῢ</em></span> <span class='ocrx_word' id='word_1_94' title='bbox 665 1935 745 2002; x_wconf 74' lang='lat' dir='ltr'><strong>’vove</strong></span> <span class='ocrx_word' id='word_1_95' title='bbox 766 1961 826 2030; x_wconf 88' lang='lat' dir='ltr'><strong>pro</strong></span> <span class='ocrx_word' id='word_1_96' title='bbox 841 1932 919 2000; x_wconf 77' lang='grc' dir='ltr'><strong>ὁπόῢ</strong></span> <span class='ocrx_word' id='word_1_97' title='bbox 934 1922 1088 2013; x_wconf 58' lang='grc'><strong>417015.-</strong></span> <span class='ocrx_word' id='word_1_98' title='bbox 1102 1931 1240 2020; x_wconf 56' lang='lat' dir='ltr'><strong>praeopta,</strong></span> <span class='ocrx_word' id='word_1_99' title='bbox 1252 1939 1349 2023; x_wconf 83' lang='lat' dir='ltr'><strong>vulgo</strong></span> 
     </span>
     <span class='ocr_line' id='line_1_15' title="bbox 248 2049 1351 2152; baseline -0.017 -15"><span class='ocrx_word' id='word_1_100' title='bbox 248 2092 335 2137; x_wconf 87' lang='lat' dir='ltr'><strong>nunc</strong></span> <span class='ocrx_word' id='word_1_101' title='bbox 355 2059 497 2151; x_wconf 78' lang='grc' dir='ltr'><strong>μωιρειά</strong></span> <span class='ocrx_word' id='word_1_102' title='bbox 516 2079 666 2133; x_wconf 83' lang='lat' dir='ltr'><strong>neutrum</strong></span> <span class='ocrx_word' id='word_1_103' title='bbox 687 2065 732 2152; x_wconf 89' lang='lat' dir='ltr'><strong>pl.</strong></span> <span class='ocrx_word' id='word_1_104' title='bbox 755 2063 905 2146; x_wconf 81' lang='lat' dir='ltr'><strong>adjectivi</strong></span> <span class='ocrx_word' id='word_1_105' title='bbox 918 2050 1052 2143; x_wconf 67' lang='grc' dir='ltr'><strong>μακρός,</strong></span> <span class='ocrx_word' id='word_1_106' title='bbox 1066 2049 1351 2141; x_wconf 68' lang='grc' dir='ltr'><strong>μανιρειά,ἰιακρ6,</strong></span> 
     </span>
     <span class='ocr_line' id='line_1_16' title="bbox 249 2174 1353 2276; baseline -0.018 -20"><span class='ocrx_word' id='word_1_107' title='bbox 249 2194 333 2276; x_wconf 89' lang='lat' dir='ltr'><strong>quod</strong></span> <span class='ocrx_word' id='word_1_108' title='bbox 354 2203 463 2255; x_wconf 86' lang='lat' dir='ltr'><strong>tamen</strong></span> <span class='ocrx_word' id='word_1_109' title='bbox 485 2192 588 2254; x_wconf 89' lang='lat' dir='ltr'><strong>vicem</strong></span> <span class='ocrx_word' id='word_1_110' title='bbox 604 2187 747 2251; x_wconf 80' lang='lat' dir='ltr'><strong>adverbii</strong></span> <span class='ocrx_word' id='word_1_111' title='bbox 760 2174 894 2266; x_wconf 79' lang='grc' dir='ltr'><strong>μακράν</strong></span> <span class='ocrx_word' id='word_1_112' title='bbox 909 2183 962 2247; x_wconf 89' lang='lat' dir='ltr'><strong>hic</strong></span> <span class='ocrx_word' id='word_1_113' title='bbox 977 2183 1090 2269; x_wconf 83' lang='lat' dir='ltr'><strong>explet.</strong></span> <span class='ocrx_word' id='word_1_114' title='bbox 1107 2181 1270 2265; x_wconf 89' lang='lat' dir='ltr'><strong>Adjcctivi</strong></span> <span class='ocrx_word' id='word_1_115' title='bbox 1286 2203 1353 2262; x_wconf 83' lang='grc' dir='ltr'><strong>μα.</strong></span> 
     </span>
     <span class='ocr_line' id='line_1_17' title="bbox 248 2300 1354 2396; baseline -0.011 -19"><span class='ocrx_word' id='word_1_116' title='bbox 248 2300 326 2394; x_wconf 62' lang='lat' dir='ltr'><strong>teptis</strong></span> <span class='ocrx_word' id='word_1_117' title='bbox 347 2309 496 2396; x_wconf 82' lang='lat' dir='ltr'><strong>exempla</strong></span> <span class='ocrx_word' id='word_1_118' title='bbox 518 2330 560 2374; x_wconf 84' lang='lat' dir='ltr'><strong>ex</strong></span> <span class='ocrx_word' id='word_1_119' title='bbox 580 2309 705 2372; x_wconf 87' lang='lat' dir='ltr'><strong>mediae</strong></span> <span class='ocrx_word' id='word_1_120' title='bbox 734 2309 852 2372; x_wconf 85' lang='lat' dir='ltr'><strong>aetatis</strong></span> <span class='ocrx_word' id='word_1_121' title='bbox 879 2305 1082 2392; x_wconf 80' lang='lat' dir='ltr'><strong>scriptoribus</strong></span> <span class='ocrx_word' id='word_1_122' title='bbox 1109 2301 1242 2364; x_wconf 81' lang='lat' dir='ltr'><strong>collecta</strong></span> <span class='ocrx_word' id='word_1_123' title='bbox 1272 2303 1354 2366; x_wconf 87' lang='lat' dir='ltr'><strong>vida</strong></span> 
     </span>
    </p>
   </div>
   <div class='ocr_carea' id='block_1_12' title="bbox 248 2427 726 2524">
    <p class='ocr_par' dir='ltr' id='par_1_13' title="bbox 248 2427 726 2524">
     <span class='ocr_line' id='line_1_18' title="bbox 248 2427 726 2524; baseline -0.017 -23"><span class='ocrx_word' id='word_1_124' title='bbox 248 2455 302 2524; x_wconf 89' lang='lat' dir='ltr'><strong>ap.</strong></span> <span class='ocrx_word' id='word_1_125' title='bbox 323 2433 471 2517; x_wconf 85' lang='lat' dir='ltr'><strong>Ducaug.</strong></span> <span class='ocrx_word' id='word_1_126' title='bbox 495 2433 535 2496; x_wconf 88' lang='grc' dir='ltr'><strong>Τ.</strong></span> <span class='ocrx_word' id='word_1_127' title='bbox 557 2431 574 2496; x_wconf 95' lang='grc' dir='ltr'><strong>Ι</strong></span> <span class='ocrx_word' id='word_1_128' title='bbox 596 2451 627 2517; x_wconf 90' lang='lat' dir='ltr'><strong>p.</strong></span> <span class='ocrx_word' id='word_1_129' title='bbox 650 2427 726 2494; x_wconf 83' lang='lat'><strong>855.</strong></span> 
     </span>
    </p>
   </div>
   <div class='ocr_carea' id='block_1_13' title="bbox 382 2527 1370 2636">
    <p class='ocr_par' dir='ltr' id='par_1_14' title="bbox 382 2527 1370 2636">
     <span class='ocr_line' id='line_1_19' title="bbox 382 2527 1370 2636; baseline -0.021 -15"><span class='ocrx_word' id='word_1_130' title='bbox 382 2554 425 2620; x_wconf 90' lang='lat' dir='ltr'><strong>V.</strong></span> <span class='ocrx_word' id='word_1_131' title='bbox 448 2553 524 2621; x_wconf 82' lang='lat'><strong>358.</strong></span> <span class='ocrx_word' id='word_1_132' title='bbox 569 2549 652 2614; x_wconf 78' lang='grc' dir='ltr'><strong>δῶσι</strong></span> <span class='ocrx_word' id='word_1_133' title='bbox 670 2551 788 2617; x_wconf 82' lang='lat' dir='ltr'><strong>omisso</strong></span> <span class='ocrx_word' id='word_1_134' title='bbox 803 2563 975 2636; x_wconf 81' lang='lat' dir='ltr'><strong>augmento</strong></span> <span class='ocrx_word' id='word_1_135' title='bbox 986 2568 1044 2636; x_wconf 90' lang='lat' dir='ltr'><strong>pro</strong></span> <span class='ocrx_word' id='word_1_136' title='bbox 1061 2531 1189 2606; x_wconf 73' lang='grc' dir='ltr'><strong>ἕδωσεὶ.</strong></span> <span class='ocrx_word' id='word_1_137' title='bbox 1201 2563 1230 2605; x_wconf 90' lang='lat' dir='ltr'><strong>e.</strong></span> <span class='ocrx_word' id='word_1_138' title='bbox 1241 2527 1370 2602; x_wconf 63' lang='lat' dir='ltr'><strong>idmst:</strong></span> 
     </span>
    </p>
   </div>
   <div class='ocr_carea' id='block_1_14' title="bbox 250 2653 1361 4230">
    <p class='ocr_par' dir='ltr' id='par_1_15' title="bbox 250 2653 1355 3126">
     <span class='ocr_line' id='line_1_20' title="bbox 250 2653 1355 2754; baseline -0.016 -9"><span class='ocrx_word' id='word_1_139' title='bbox 250 2678 330 2745; x_wconf 80' lang='lat' dir='ltr'><strong>Viti.</strong></span> <span class='ocrx_word' id='word_1_140' title='bbox 351 2678 426 2743; x_wconf 80' lang='lat' dir='ltr'><strong>adn.</strong></span> <span class='ocrx_word' id='word_1_141' title='bbox 449 2680 492 2743; x_wconf 82' lang='lat' dir='ltr'><strong>ad</strong></span> <span class='ocrx_word' id='word_1_142' title='bbox 513 2681 595 2742; x_wconf 75' lang='lat' dir='ltr'><strong>vars.</strong></span> <span class='ocrx_word' id='word_1_143' title='bbox 617 2673 694 2742; x_wconf 85' lang='grc'><strong>338.</strong></span> <span class='ocrx_word' id='word_1_144' title='bbox 718 2709 761 2722; x_wconf 94' lang='grc'><strong>-</strong></span> <span class='ocrx_word' id='word_1_145' title='bbox 781 2667 948 2754; x_wconf 64' lang='lat' dir='ltr'><strong>marucia,</strong></span> <span class='ocrx_word' id='word_1_146' title='bbox 969 2671 1066 2754; x_wconf 88' lang='lat' dir='ltr'><strong>vulgo</strong></span> <span class='ocrx_word' id='word_1_147' title='bbox 1088 2653 1238 2746; x_wconf 71' lang='grc' dir='ltr'><strong>κονναριά</strong></span> <span class='ocrx_word' id='word_1_148' title='bbox 1251 2675 1289 2726; x_wconf 84' lang='lat' dir='ltr'><strong>ut</strong></span> <span class='ocrx_word' id='word_1_149' title='bbox 1307 2666 1355 2727; x_wconf 84' lang='lat' dir='ltr'><strong>vi-</strong></span> 
     </span>
     <span class='ocr_line' id='line_1_21' title="bbox 253 2786 1353 2882; baseline -0.016 -15"><span class='ocrx_word' id='word_1_150' title='bbox 253 2803 358 2868; x_wconf 86' lang='lat' dir='ltr'><strong>dimus</strong></span> <span class='ocrx_word' id='word_1_151' title='bbox 379 2819 461 2865; x_wconf 89' lang='lat' dir='ltr'><strong>vers.</strong></span> <span class='ocrx_word' id='word_1_152' title='bbox 484 2797 560 2864; x_wconf 89' lang='grc'><strong>338.</strong></span> <span class='ocrx_word' id='word_1_153' title='bbox 605 2797 741 2882; x_wconf 85' lang='lat' dir='ltr'><strong>Legitur</strong></span> <span class='ocrx_word' id='word_1_154' title='bbox 756 2786 910 2875; x_wconf 71' lang='lat' dir='ltr'><strong>xcwapc&#39;a</strong></span> <span class='ocrx_word' id='word_1_155' title='bbox 923 2791 1008 2878; x_wconf 91' lang='lat' dir='ltr'><strong>apud</strong></span> <span class='ocrx_word' id='word_1_156' title='bbox 1026 2787 1217 2873; x_wconf 82' lang='lat' dir='ltr'><strong>Theophan.</strong></span> <span class='ocrx_word' id='word_1_157' title='bbox 1232 2807 1287 2849; x_wconf 85' lang='lat' dir='ltr'><strong>arr.</strong></span> <span class='ocrx_word' id='word_1_158' title='bbox 1302 2786 1353 2850; x_wconf 84' lang='lat'><strong>17.</strong></span> 
     </span>
     <span class='ocr_line' id='line_1_22' title="bbox 251 2899 1353 3003; baseline -0.02 -14"><span class='ocrx_word' id='word_1_159' title='bbox 251 2922 398 2989; x_wconf 82' lang='lat' dir='ltr'><strong>Heraclii</strong></span> <span class='ocrx_word' id='word_1_160' title='bbox 420 2909 586 3003; x_wconf 57' lang='grc' dir='ltr'><strong>ε’πληγῶβιη</strong></span> <span class='ocrx_word' id='word_1_161' title='bbox 609 2909 670 2980; x_wconf 72' lang='grc' dir='ltr'><strong>ὑπὸ</strong></span> <span class='ocrx_word' id='word_1_162' title='bbox 692 2917 755 2980; x_wconf 75' lang='grc' dir='ltr'><strong>τῶν</strong></span> <span class='ocrx_word' id='word_1_163' title='bbox 775 2911 873 2990; x_wconf 70' lang='grc' dir='ltr'><strong>πεζῶν</strong></span> <span class='ocrx_word' id='word_1_164' title='bbox 894 2906 912 2974; x_wconf 79' lang='grc' dir='ltr'><strong>ὁ</strong></span> <span class='ocrx_word' id='word_1_165' title='bbox 933 2903 1088 2992; x_wconf 80' lang='grc' dir='ltr'><strong>βασιλέως</strong></span> <span class='ocrx_word' id='word_1_166' title='bbox 1104 2899 1199 2978; x_wconf 71' lang='grc' dir='ltr'><strong><em>,ἵππος</em></strong></span> <span class='ocrx_word' id='word_1_167' title='bbox 1220 2945 1231 2959; x_wconf 86' lang='lat'><strong>·</strong></span> <span class='ocrx_word' id='word_1_168' title='bbox 1249 2949 1260 2962; x_wconf 94' lang='lat'><strong>.</strong></span> <span class='ocrx_word' id='word_1_169' title='bbox 1277 2945 1290 2956; x_wconf 88' lang='lat'>-</span> <span class='ocrx_word' id='word_1_170' title='bbox 1312 2903 1353 2976; x_wconf 77' lang='grc' dir='ltr'><strong>εἰς</strong></span> 
     </span>
     <span class='ocr_line' id='line_1_23' title="bbox 252 3032 876 3126; baseline -0.008 -21"><span class='ocrx_word' id='word_1_171' title='bbox 252 3041 307 3106; x_wconf 63' lang='grc' dir='ltr'><strong>τὸν</strong></span> <span class='ocrx_word' id='word_1_172' title='bbox 326 3034 427 3126; x_wconf 75' lang='grc' dir='ltr'><strong>μηρὸν</strong></span> <span class='ocrx_word' id='word_1_173' title='bbox 447 3035 546 3104; x_wconf 68' lang='grc' dir='ltr'>αὐτοῦ</span> <span class='ocrx_word' id='word_1_174' title='bbox 566 3034 675 3122; x_wconf 71' lang='grc' dir='ltr'><strong>λαβὼν</strong></span> <span class='ocrx_word' id='word_1_175' title='bbox 694 3032 876 3122; x_wconf 76' lang='grc' dir='ltr'><strong>κονναρὲαν.</strong></span> 
     </span>
    </p>

    <p class='ocr_par' dir='ltr' id='par_1_16' title="bbox 254 3139 1353 3476">
     <span class='ocr_line' id='line_1_24' title="bbox 327 3139 1352 3252; baseline -0.023 -20"><span class='ocrx_word' id='word_1_176' title='bbox 327 3211 332 3222; x_wconf 70' lang='lat'><strong>.</strong></span> <span class='ocrx_word' id='word_1_177' title='bbox 385 3165 429 3230; x_wconf 86' lang='lat' dir='ltr'><strong>V.</strong></span> <span class='ocrx_word' id='word_1_178' title='bbox 452 3164 527 3232; x_wconf 83' lang='lat'><strong>359.</strong></span> <span class='ocrx_word' id='word_1_179' title='bbox 570 3153 646 3226; x_wconf 77' lang='grc' dir='ltr'><strong>πάλι</strong></span> <span class='ocrx_word' id='word_1_180' title='bbox 667 3185 726 3252; x_wconf 88' lang='lat' dir='ltr'><strong>pro</strong></span> <span class='ocrx_word' id='word_1_181' title='bbox 748 3151 854 3241; x_wconf 76' lang='grc' dir='ltr'><strong>πάλιν,</strong></span> <span class='ocrx_word' id='word_1_182' title='bbox 871 3174 907 3228; x_wconf 85' lang='lat' dir='ltr'><strong>ut</strong></span> <span class='ocrx_word' id='word_1_183' title='bbox 919 3179 999 3226; x_wconf 86' lang='lat' dir='ltr'><strong>vers.</strong></span> <span class='ocrx_word' id='word_1_184' title='bbox 1016 3153 1070 3222; x_wconf 70' lang='grc'><strong>34.</strong></span> <span class='ocrx_word' id='word_1_185' title='bbox 1092 3189 1136 3202; x_wconf 89' lang='grc'>-</span> <span class='ocrx_word' id='word_1_186' title='bbox 1157 3139 1352 3233; x_wconf 64' lang='grc' dir='ltr'><strong>ἒμειᾶὃραμι</strong></span> 
     </span>
     <span class='ocr_line' id='line_1_25' title="bbox 255 3274 1353 3380; baseline -0.013 -28"><span class='ocrx_word' id='word_1_187' title='bbox 255 3289 278 3380; x_wconf 83' lang='lat' dir='ltr'><strong>i.</strong></span> <span class='ocrx_word' id='word_1_188' title='bbox 300 3309 329 3351; x_wconf 90' lang='lat' dir='ltr'><strong>e.</strong></span> <span class='ocrx_word' id='word_1_189' title='bbox 351 3281 533 3369; x_wconf 68' lang='grc' dir='ltr'><strong>μετέδραμε.</strong></span> <span class='ocrx_word' id='word_1_190' title='bbox 553 3321 598 3336; x_wconf 90' lang='lat'><em>-</em></span> <span class='ocrx_word' id='word_1_191' title='bbox 619 3278 705 3348; x_wconf 79' lang='grc' dir='ltr'><strong>σόνει</strong></span> <span class='ocrx_word' id='word_1_192' title='bbox 725 3282 871 3352; x_wconf 81' lang='lat' dir='ltr'><strong>invadit.</strong></span> <span class='ocrx_word' id='word_1_193' title='bbox 917 3282 969 3347; x_wconf 90' lang='lat' dir='ltr'><strong>De</strong></span> <span class='ocrx_word' id='word_1_194' title='bbox 997 3281 1059 3345; x_wconf 88' lang='lat' dir='ltr'><strong>hec</strong></span> <span class='ocrx_word' id='word_1_195' title='bbox 1086 3279 1181 3343; x_wconf 87' lang='lat' dir='ltr'><strong>verbo</strong></span> <span class='ocrx_word' id='word_1_196' title='bbox 1210 3274 1353 3363; x_wconf 84' lang='lat' dir='ltr'><strong>pluribus</strong></span> 
     </span>
     <span class='ocr_line' id='line_1_26' title="bbox 254 3408 635 3476; baseline -0.01 0"><span class='ocrx_word' id='word_1_197' title='bbox 254 3410 391 3476; x_wconf 82' lang='lat' dir='ltr'><strong>disserui</strong></span> <span class='ocrx_word' id='word_1_198' title='bbox 413 3410 558 3474; x_wconf 81' lang='lat' dir='ltr'><strong>advers.</strong></span> <span class='ocrx_word' id='word_1_199' title='bbox 581 3408 635 3476; x_wconf 77' lang='lat'><strong>92.</strong></span> 
     </span>
    </p>

    <p class='ocr_par' dir='ltr' id='par_1_17' title="bbox 254 3506 1357 3842">
     <span class='ocr_line' id='line_1_27' title="bbox 386 3506 1357 3610; baseline -0.018 -14"><span class='ocrx_word' id='word_1_200' title='bbox 386 3530 431 3596; x_wconf 87' lang='lat' dir='ltr'><strong>V.</strong></span> <span class='ocrx_word' id='word_1_201' title='bbox 453 3529 531 3598; x_wconf 89' lang='grc'><strong>360.</strong></span> <span class='ocrx_word' id='word_1_202' title='bbox 575 3522 644 3592; x_wconf 76' lang='lat' dir='ltr'><strong>voci</strong></span> <span class='ocrx_word' id='word_1_203' title='bbox 665 3525 840 3610; x_wconf 85' lang='lat' dir='ltr'><strong>vulgariter</strong></span> <span class='ocrx_word' id='word_1_204' title='bbox 861 3541 922 3610; x_wconf 86' lang='lat' dir='ltr'><strong>pro</strong></span> <span class='ocrx_word' id='word_1_205' title='bbox 944 3537 999 3582; x_wconf 72' lang='lat' dir='ltr'><strong>voc</strong></span> <span class='ocrx_word' id='word_1_206' title='bbox 1020 3521 1041 3584; x_wconf 87' lang='lat' dir='ltr'><strong>i.</strong></span> <span class='ocrx_word' id='word_1_207' title='bbox 1058 3539 1086 3584; x_wconf 86' lang='lat' dir='ltr'><strong>c.</strong></span> <span class='ocrx_word' id='word_1_208' title='bbox 1109 3506 1217 3595; x_wconf 66' lang='grc' dir='ltr'><strong>αὐτόν,</strong></span> <span class='ocrx_word' id='word_1_209' title='bbox 1239 3529 1278 3582; x_wconf 93' lang='lat' dir='ltr'><strong>ut</strong></span> <span class='ocrx_word' id='word_1_210' title='bbox 1287 3522 1357 3602; x_wconf 86' lang='lat' dir='ltr'><strong>jam</strong></span> 
     </span>
     <span class='ocr_line' id='line_1_28' title="bbox 254 3638 1356 3729; baseline -0.017 -8"><span class='ocrx_word' id='word_1_211' title='bbox 254 3657 390 3721; x_wconf 81' lang='lat' dir='ltr'><strong>vidimus</strong></span> <span class='ocrx_word' id='word_1_212' title='bbox 412 3674 493 3720; x_wconf 84' lang='lat' dir='ltr'><strong>vers·</strong></span> <span class='ocrx_word' id='word_1_213' title='bbox 519 3651 592 3718; x_wconf 76' lang='lat'><strong>162.</strong></span> <span class='ocrx_word' id='word_1_214' title='bbox 615 3684 659 3697; x_wconf 92' lang='lat'>—</span> <span class='ocrx_word' id='word_1_215' title='bbox 687 3638 813 3727; x_wconf 80' lang='grc' dir='ltr'><strong>λαβὸνει</strong></span> <span class='ocrx_word' id='word_1_216' title='bbox 840 3641 1017 3720; x_wconf 80' lang='lat' dir='ltr'><strong>vulnerat,</strong></span> <span class='ocrx_word' id='word_1_217' title='bbox 1043 3659 1196 3729; x_wconf 81' lang='lat' dir='ltr'><strong>praescus</strong></span> <span class='ocrx_word' id='word_1_218' title='bbox 1225 3639 1356 3704; x_wconf 84' lang='lat' dir='ltr'><strong>histori-</strong></span> 
     </span>
     <span class='ocr_line' id='line_1_29' title="bbox 256 3759 1160 3842; baseline -0.017 -5"><span class='ocrx_word' id='word_1_219' title='bbox 256 3797 337 3840; x_wconf 91' lang='lat' dir='ltr'><strong>cum.</strong></span> <span class='ocrx_word' id='word_1_220' title='bbox 380 3777 432 3842; x_wconf 88' lang='lat' dir='ltr'><strong>De</strong></span> <span class='ocrx_word' id='word_1_221' title='bbox 454 3776 516 3841; x_wconf 87' lang='lat' dir='ltr'><strong>hac</strong></span> <span class='ocrx_word' id='word_1_222' title='bbox 537 3795 613 3840; x_wconf 86' lang='lat' dir='ltr'><strong>vocs</strong></span> <span class='ocrx_word' id='word_1_223' title='bbox 635 3771 707 3835; x_wconf 90' lang='lat' dir='ltr'><strong>vidc</strong></span> <span class='ocrx_word' id='word_1_224' title='bbox 730 3771 896 3832; x_wconf 87' lang='lat' dir='ltr'><strong>observata</strong></span> <span class='ocrx_word' id='word_1_225' title='bbox 918 3769 959 3832; x_wconf 84' lang='lat' dir='ltr'><strong>cd</strong></span> <span class='ocrx_word' id='word_1_226' title='bbox 980 3785 1062 3830; x_wconf 86' lang='lat' dir='ltr'><strong>vers.</strong></span> <span class='ocrx_word' id='word_1_227' title='bbox 1084 3759 1160 3826; x_wconf 89' lang='grc'><strong>330.</strong></span> 
     </span>
    </p>

    <p class='ocr_par' dir='ltr' id='par_1_18' title="bbox 256 3863 1359 4099">
     <span class='ocr_line' id='line_1_30' title="bbox 388 3863 1359 3976; baseline -0.015 -12"><span class='ocrx_word' id='word_1_228' title='bbox 388 3895 430 3963; x_wconf 89' lang='lat' dir='ltr'><strong>V.</strong></span> <span class='ocrx_word' id='word_1_229' title='bbox 453 3896 529 3962; x_wconf 90' lang='grc'><strong>361.</strong></span> <span class='ocrx_word' id='word_1_230' title='bbox 573 3883 693 3976; x_wconf 71' lang='grc' dir='ltr'><strong>γυρῖζει</strong></span> <span class='ocrx_word' id='word_1_231' title='bbox 714 3885 880 3955; x_wconf 82' lang='lat' dir='ltr'><strong>convertit</strong></span> <span class='ocrx_word' id='word_1_232' title='bbox 902 3907 945 3954; x_wconf 82' lang='lat' dir='ltr'><strong>se.</strong></span> <span class='ocrx_word' id='word_1_233' title='bbox 991 3884 1042 3949; x_wconf 80' lang='lat' dir='ltr'><strong>Cf.</strong></span> <span class='ocrx_word' id='word_1_234' title='bbox 1065 3863 1211 3950; x_wconf 81' lang='lat' dir='ltr'><strong>advers.</strong></span> <span class='ocrx_word' id='word_1_235' title='bbox 1228 3881 1359 3950; x_wconf 80' lang='lat'><strong>119.-</strong></span> 
     </span>
     <span class='ocr_line' id='line_1_31' title="bbox 256 3998 1022 4099; baseline -0.013 -19"><span class='ocrx_word' id='word_1_236' title='bbox 256 4001 462 4096; x_wconf 75' lang='grc' dir='ltr'><strong><em>Κοσνὸφωγος</em></strong></span> <span class='ocrx_word' id='word_1_237' title='bbox 489 4018 585 4082; x_wconf 87' lang='lat' dir='ltr'><strong>metri</strong></span> <span class='ocrx_word' id='word_1_238' title='bbox 607 4033 704 4078; x_wconf 85' lang='lat' dir='ltr'><strong>eausa</strong></span> <span class='ocrx_word' id='word_1_239' title='bbox 726 4031 784 4099; x_wconf 87' lang='lat' dir='ltr'><strong>pro</strong></span> <span class='ocrx_word' id='word_1_240' title='bbox 806 3998 1022 4092; x_wconf 74' lang='grc' dir='ltr'><strong>Κοσιοφάγος.</strong></span> 
     </span>
    </p>

    <p class='ocr_par' dir='ltr' id='par_1_19' title="bbox 388 4125 1361 4230">
     <span class='ocr_line' id='line_1_32' title="bbox 388 4125 1361 4230; baseline -0.012 -26"><span class='ocrx_word' id='word_1_241' title='bbox 388 4135 431 4201; x_wconf 90' lang='lat' dir='ltr'><strong>V.</strong></span> <span class='ocrx_word' id='word_1_242' title='bbox 455 4137 531 4230; x_wconf 72' lang='grc'><strong>368.</strong></span> <span class='ocrx_word' id='word_1_243' title='bbox 576 4125 684 4211; x_wconf 60' lang='lat' dir='ltr'><strong>idam,</strong></span> <span class='ocrx_word' id='word_1_244' title='bbox 705 4147 742 4199; x_wconf 92' lang='lat' dir='ltr'><strong>ut</strong></span> <span class='ocrx_word' id='word_1_245' title='bbox 763 4154 860 4221; x_wconf 88' lang='lat' dir='ltr'><strong>supra</strong></span> <span class='ocrx_word' id='word_1_246' title='bbox 883 4154 964 4200; x_wconf 86' lang='lat' dir='ltr'><strong>vers.</strong></span> <span class='ocrx_word' id='word_1_247' title='bbox 987 4129 1064 4200; x_wconf 89' lang='grc'><strong>338.</strong></span> <span class='ocrx_word' id='word_1_248' title='bbox 1092 4129 1231 4193; x_wconf 89' lang='lat' dir='ltr'><strong>Videtur</strong></span> <span class='ocrx_word' id='word_1_249' title='bbox 1252 4128 1361 4214; x_wconf 82' lang='lat' dir='ltr'><strong>prima</strong></span> 
     </span>
    </p>
   </div>
   <div class='ocr_carea' id='block_1_15' title="bbox 255 4241 1361 4386">
    <p class='ocr_par' dir='ltr' id='par_1_20' title="bbox 255 4241 1361 4386">
     <span class='ocr_line' id='line_1_33' title="bbox 255 4241 1361 4386; baseline -0.012 -61"><span class='ocrx_word' id='word_1_250' title='bbox 255 4259 361 4347; x_wconf 83' lang='lat' dir='ltr'><strong>specie</strong></span> <span class='ocrx_word' id='word_1_251' title='bbox 378 4255 540 4346; x_wconf 87' lang='lat' dir='ltr'><strong>ellipticus</strong></span> <span class='ocrx_word' id='word_1_252' title='bbox 555 4259 706 4344; x_wconf 85' lang='lat' dir='ltr'><strong>loquendi</strong></span> <span class='ocrx_word' id='word_1_253' title='bbox 721 4259 832 4326; x_wconf 84' lang='lat' dir='ltr'><strong>medus</strong></span> <span class='ocrx_word' id='word_1_254' title='bbox 847 4279 906 4348; x_wconf 86' lang='lat' dir='ltr'><strong>pro</strong></span> <span class='ocrx_word' id='word_1_255' title='bbox 923 4246 1022 4386; x_wconf 57' lang='lat' dir='ltr'><strong>{dccc</strong></span> <span class='ocrx_word' id='word_1_256' title='bbox 1044 4241 1173 4358; x_wconf 54' lang='lat' dir='ltr'><strong>diripit).</strong></span> <span class='ocrx_word' id='word_1_257' title='bbox 1196 4245 1264 4318; x_wconf 81' lang='lat' dir='ltr'><strong>sed</strong></span> <span class='ocrx_word' id='word_1_258' title='bbox 1276 4248 1361 4317; x_wconf 85' lang='lat' dir='ltr'><strong>hacc</strong></span> 
     </span>
    </p>
   </div>
   <div class='ocr_carea' id='block_1_16' title="bbox 0 0 1456 4870">
    <p class='ocr_par' dir='ltr' id='par_1_21' title="bbox 0 0 1456 4870">
     <span class='ocr_line' id='line_1_34' title="bbox 0 0 1456 4870; baseline 0 0"><span class='ocrx_word' id='word_1_259' title='bbox 0 0 1456 4870; x_wconf 95' lang='lat' dir='ltr'><strong> </strong></span> 
     </span>
    </p>
   </div>
  </div>
 </body>
</html>
