2860 4870
229 309 299 383 126

227 507 307 568 douc
333 500 396 564 τῶν
423 497 571 575 monto
597 492 653 562 troi
674 491 801 582 ὄζοῢρα,
824 501 1003 587 posteriore
1026 513 1132 567 autem
1154 503 1253 568 haec:
1283 497 1343 569 aod

227 621 329 700 sdico
351 624 428 688 ἰδεῖν
448 613 582 694 πολλοὺς
602 616 772 695 πλουσίους
791 617 870 684 ὀποῦ
897 617 1008 684 didovn
1035 623 1096 686 τῶν
1122 625 1260 701 πτωχῶν
1287 615 1343 690 dede

227 745 283 827 rip
305 743 452 829 οἰξοῦρα.
498 749 666 823 Quomodo
688 749 779 835 prior
800 747 890 812 locus
912 769 954 810 ex
977 751 1154 833 posteriorc
1171 754 1342 836 corrigen-

229 874 288 937 dus
311 876 366 953 sit,
389 871 486 936 facila
508 871 710 955 intelligitur.
761 873 870 946 Quare
892 870 1025 952 reliquis
1048 873 1174 936 mendis
1198 886 1232 937 et
1255 876 1339 941 illud

229 995 503 1064 adnumerandum
527 1013 653 1072 censeo,
676 993 759 1074 quod
781 993 852 1056 illic
874 985 991 1073 ὀζοῦρα
1013 1015 1072 1080 pro
1095 987 1235 1075 οὐζοῦρα
1257 1002 1338 1062 scri.
1416 987 1417 1014 ¹

228 1129 318 1204 ptum
341 1127 454 1179 exstat.
479 1149 523 1161 -
544 1104 588 1172 oa*
609 1091 756 1193 πλερῶσω
783 1119 867 1198 conj.
897 1135 965 1178 aor.
994 1127 1056 1180 act.
1082 1118 1172 1182 verbi
1199 1111 1335 1200 πλερόνω

229 1261 272 1302 cx
298 1239 430 1317 antiquo
458 1223 579 1314 πληρὸω
607 1235 784 1300 derivandi.
840 1236 912 1301 Hoc
938 1224 1076 1318 πλερόνω
1105 1241 1141 1302 in
1169 1242 1326 1306 inferioris

229 1362 300 1425 aevi
323 1360 499 1443 graecitate
517 1355 697 1444 pecuariam
720 1355 891 1439 solvendi,
910 1357 1145 1447 persolvendi,
1163 1361 1332 1448 pendendi

228 1485 394 1548 notionem
416 1481 524 1561 habet,
547 1500 640 1565 aquo
663 1482 821 1566 distingui
844 1494 970 1570 oportet
989 1473 1141 1566 πληρόυω,
1163 1487 1263 1550 idest
1279 1485 1337 1551 im·
1416 1559 1417 1562 Ἴ

225 1604 317 1694 plco·
350 1599 431 1688 Ejus
454 1605 649 1668 discriminis
672 1606 821 1688 ignarum
843 1606 943 1668 fuisso
958 1606 1165 1692 Ducangium
1181 1611 1337 1691 videmus,
1416 1619 1417 1628 ’

229 1731 284 1811 qui
307 1748 388 1811 quae
409 1727 520 1790 attulit
541 1749 568 1790 s.
591 1746 622 1790 v.
642 1715 812 1806 πληρῶνειν
832 1726 956 1808 (scribe
971 1719 1153 1810 πληρόνειν)
1175 1735 1337 1821 exempla,
1416 1729 1417 1754 ²

230 1872 269 1914 ee
292 1853 403 1914 omnia
423 1851 465 1914 ad
486 1838 644 1929 cispiaco
665 1851 832 1914 referenda
854 1861 940 1914 sunt.
985 1850 1057 1918 Etsi
1072 1854 1158 1918 enim
1173 1875 1247 1918 cum
1262 1860 1338 1932 πλη.
1416 1843 1417 1916 i

229 1965 311 2053 ρόνω
338 1985 371 2036 et
397 1961 533 2054 πλερόνω
561 1973 700 2054 notavit,
728 1984 837 2038 tamen
859 1975 1041 2061 promiscue
1063 1997 1102 2041 ea
1124 1964 1219 2042 verba
1242 1978 1339 2044 adhi-

229 2096 298 2159 beri
321 2098 471 2181 opinatus
494 2107 553 2158 est.

360 2215 403 2276 V.
427 2215 503 2280 315.
549 2205 688 2275 ἐκάκισα
708 2235 775 2281 non
798 2230 849 2281 est
868 2215 1026 2295 insector,
1046 2233 1082 2286 ut
1099 2221 1228 2286 Crusius
1251 2225 1336 2304 vuit,

230 2338 287 2404 sed
313 2333 478 2423 vitupero.
516 2371 560 2386 --
599 2325 664 2410 ’έχω
691 2328 762 2408 τοὺς
784 2333 910 2420 ἕκβρίᾶ
935 2339 1140 2406 inimicitiam
1162 2340 1334 2404 adversus

231 2481 293 2524 eos
312 2481 404 2546 gero.
457 2459 591 2524 Crusius
618 2481 748 2525 sensum
777 2467 996 2529 tantummodo
1016 2463 1168 2542 reddidit,
1189 2463 1236 2524 sic
1255 2481 1332 2522 ver-

231 2597 318 2649 tens:
341 2580 389 2648 cis
411 2578 551 2646 inimico
579 2603 660 2646 sum.
711 2584 752 2648 ln
780 2583 833 2649 his
863 2589 967 2651 verbis
995 2577 1114 2668 ἐχξπρία
1141 2605 1198 2674 pro
1227 2571 1340 2664 ’ίκὲρα

230 2710 401 2774 barbarum
423 2717 472 2768 cst
495 2718 589 2788 atque
610 2705 706 2772 hodie
728 2727 796 2772 non
818 2709 957 2794 amplius
978 2713 1141 2773 usitatum.

238 2811 242 2820 ¹
362 2825 405 2890 V.
428 2825 504 2891 317.
547 2818 635 2887 καλοὶ
651 2820 710 2888 καί
724 2829 889 2916 qvcomvv's,
904 2847 1123 2915 prronrqnom,
1138 2825 1228 2891 licet.
1257 2826 1338 2893 Vid.

233 2973 313 3033 quae
334 2951 515 3015 notavimus
542 2950 686 3018 advers.
710 2951 785 3016 213.
824 2983 868 3000 -·
904 2937 1077 3032 ὄργι’στηκα
1098 2949 1242 3033 vulgaris
1265 2970 1336 3015 aor.

232 3093 316 3161 pass.
340 3073 429 3137 verbi
451 3064 565 3152 ὀργίςω
587 3093 646 3160 pro
668 3067 842 3157 ὠργίσθην.
864 3109 908 3122 —-
929 3058 956 3134 ὦ
976 3064 1037 3134 Δία
1058 3075 1098 3138 cf.
1121 3093 1201 3137 vers.
1224 3070 1303 3137 279.
1357 3075 1362 3080 '

364 3192 406 3255 V.
429 3193 504 3260 318.
548 3187 720 3276 βορὲάκωυ
747 3200 845 3264 metri
873 3221 971 3270 causa
998 3219 1057 3286 pro
1085 3191 1265 3280 βορὲακῶν·
1292 3226 1337 3241 -·

232 3305 362 3394 καμμία
382 3317 523 3402 explicui
545 3319 690 3384 advers.
713 3319 767 3384 57.

364 3435 406 3504 V.
430 3435 504 3502 319.
548 3425 705 3520 ἄγνωστοι
721 3444 901 3503 recentiore
916 3437 1104 3521 significatu
1123 3447 1172 3500 est
1189 3433 1336 3513 demens,

232 3556 391 3636 stolidas,
418 3557 698 3626 inconsideratus.
752 3561 852 3649 Apud
872 3559 1070 3644 Hesychium
1090 3560 1211 3643 legitur
1231 3549 1337 3622 dcodc'·

232 3701 344 3764 στεροι,
365 3670 534 3766 ἄγνωστοι,
557 3685 641 3766 quod
662 3704 757 3749 nomo
779 3689 850 3768 ejus
872 3685 1083 3770 interpretum
1105 3683 1256 3769 percepit
1287 3683 1339 3747 At

232 3803 319 3866 aihii
348 3818 444 3892 captu
471 3805 608 3870 facilius.
660 3804 905 3888 corrigendum,
928 3816 965 3868 ut
980 3807 1052 3888 jem
1074 3805 1254 3869 observavit
1277 3802 1338 3866 Co·

234 3940 306 3986 raes
339 3925 376 3986 in
408 3921 696 4010 Γλωσσογραφικῆς
727 3915 803 4000 ὕλης
832 3915 963 4004 ὃοκιμίῳ
996 3945 1069 4012 pag.
1103 3923 1147 3991 10
1181 3926 1274 3989 Tom.
1301 3924 1341 3990 II

144 4040 153 4050 '
231 4035 354 4104 ’drona
376 4037 584 4137 ὄνωδέσῖεροι,
605 4048 653 4111 ita
673 4059 709 4111 ut
723 4048 769 4110 sit
786 4049 1024 4135 comparativus
1038 4049 1188 4134 adjectivi
1204 4035 1338 4128 dvddnc3

233 4150 390 4254 dimoto:
417 4180 526 4235 autem
551 4167 714 4252 Hesychia
742 4180 817 4232 sunt
844 4166 1023 4236 dementes.
1068 4171 1181 4252 Itaque
1203 4189 1258 4232 cos
1280 4170 1339 4249 qui

233 4298 339 4354 mente
361 4287 463 4356 asinis
485 4309 580 4374 quam
601 4291 785 4362 hominihus
806 4293 981 4381 similiores
1009 4305 1085 4361 sunt
1112 4283 1204 4373 (code
1224 4283 1338 4352 ὄνωδε·
