2870 4874
100 373 193 437 Tunc
215 371 343 455 qudem
365 370 404 436 ‹le
426 369 585 450 muribus·
604 387 748 440 secretus
770 376 811 440 sb
833 375 983 444 omuibus

99 504 179 568 abiit
201 503 329 568 domum
351 521 455 582 suem,
478 510 511 566 et
533 499 662 584 reliquit
683 503 758 570 ilios
780 523 901 574 omues.

96 633 139 698 Et
161 633 266 698 filium
288 649 383 698 suum
404 631 541 712 vocavit,
563 641 599 696 ut
621 634 746 698 veniret
765 635 807 701 ui
827 639 1046 722 pugnandum,

95 777 192 848 atque
215 765 253 828 in
275 761 387 826 hostes
409 763 532 828 facinus
553 761 756 848 praeclarum
770 776 807 829 ut
818 778 1014 834 monstraret
1028 779 1062 834 et
1074 773 1203 838 feceret.

96 893 222 958 Statim
243 893 452 979 Meriderpex
473 893 620 979 pervenit
642 893 684 958 ed
706 889 837 977 flumen,

97 1026 199 1105 renis,
222 1024 346 1106 (sicut)
368 1024 504 1106 dicebat,
527 1036 565 1090 ut
585 1023 721 1090 multum
742 1025 823 1090 meli
843 1027 993 1108 inferrem

96 1157 234 1219 mediam
255 1155 356 1220 scidit
376 1174 503 1237 nucem,
524 1166 559 1220 et
581 1156 664 1241 tegit

95 1271 224 1370 tergum
244 1284 457 1367 humerosque
478 1307 565 1367 sues,
587 1298 620 1350 et
641 1287 788 1352 laureum
809 1289 934 1376 arripit.

96 1416 153 1482 Au
175 1435 273 1480 ranas
295 1417 446 1496 cucurrit,
469 1415 607 1498 illaeque
628 1413 804 1482 exterritae
826 1429 913 1498 suut,

95 1549 133 1610 in
154 1547 307 1634 paludem
330 1529 466 1611 cunctae
489 1546 638 1612 celeriter
660 1565 828 1610 cucurrere
850 1565 888 1609 ec
907 1565 980 1610 sese
1002 1552 1164 1622 abdidere.
1241 1593 1245 1600 ·

94 1679 170 1744 Nisi
190 1677 383 1765 providisset
403 1677 559 1766 Iuppiter,
581 1677 712 1756 illerum
734 1686 771 1741 ut
792 1677 1010 1762 misereretur,

95 1821 227 1874 cunetas
248 1809 305 1872 ille
326 1809 416 1873 selus
437 1810 576 1875 vicisset

97 1940 206 2027 Caput
227 1940 391 2020 quassavit
411 1938 567 2024 Iuppiter,
590 1940 693 2002 etsie
714 1937 848 2003 clamet:

96 2069 180 2149 Heu,
203 2067 277 2149 heu,
299 2068 376 2150 quid
398 2080 533 2134 cernunt
554 2067 651 2134 hodie
673 2068 757 2134 oculi
778 2069 862 2132 meir
883 2071 1091 2155 vociferatum

95 2201 233 2266 nimium
255 2211 409 2282 quantum
431 2221 483 2264 me
504 2201 638 2265 offendit
659 2200 869 2288 Meriderpex
890 2203 964 2285 iste,

95 2352 194 2398 renes
214 2333 349 2398 miseras
370 2332 456 2414 quod
477 2333 616 2397 trucidet
637 2331 695 2395 sic.

95 2461 163 2528 Sed
184 2483 245 2546 ege
266 2465 393 2528 mittem
414 2463 609 2540 Minervam,
630 2463 827 2526 autfertum
847 2463 1000 2545 Martem,

96 2594 162 2678 ipsi
180 2591 406 2676 Meriderpagi
427 2600 465 2653 ut
483 2590 603 2673 eripiat
622 2586 780 2650 lanceam.

98 2719 158 2784 Sic
180 2720 264 2783 dixit
285 2718 438 2805 luppiter.
484 2716 577 2781 Mers
600 2717 728 2781 ceroci
750 2719 930 2804 respoudit:
959 2689 961 2693 Ι

96 2852 128 2916 0
148 2851 294 2938 Iuppiter
316 2846 483 2929 saturnio,
505 2849 603 2914 scito:
626 2847 799 2914 Renerum
822 2859 968 2916 catervae

95 3003 162 3046 nou
182 2993 289 3070 potest
310 2977 467 3062 Minerva,
488 3001 550 3045 uec
571 3001 631 3062 ego
654 2980 747 3043 Mers

94 3115 254 3183 auxilium
276 3115 370 3191 ferre,
392 3111 459 3173 nisi
481 3120 613 3175 cunctos
635 3127 696 3172 nos
717 3112 878 3174 sumseris.

93 3245 166 3310 Aut
186 3244 296 3321 etiem,
318 3241 348 3304 si
370 3241 428 3318 vis,
451 3259 527 3304 mox
548 3240 641 3306 delur
658 3249 732 3304 tuus
754 3250 791 3305 ut
812 3252 925 3323 cesset,
1007 3329 1013 3339 .

45 3355 53 3371 ¹
93 3373 226 3438 fulmini
246 3383 301 3437 tue
323 3372 457 3459 impete,
481 3383 516 3436 ut
538 3383 592 3436 cat
614 3375 813 3438 combustum

91 3505 185 3570 illum
207 3503 461 3568 crudelissimum
481 3523 634 3568 renerum
655 3505 903 3583 interimerem,

91 3638 179 3702 sicut
199 3636 297 3716 ivisti,
319 3646 354 3698 et
375 3636 578 3698 combussisti
599 3635 771 3714 aliquando
794 3630 1016 3695 Salmoneum.

90 3767 228 3832 Fulmen
250 3778 338 3829 tuum
360 3766 510 3852 perdidit,
532 3766 617 3829 sieut
638 3763 701 3828 hoc
722 3764 830 3826 sciunt
851 3779 974 3836 omnes,

92 3915 168 3961 cum
190 3893 273 3956 elios
295 3906 402 3974 antee,
423 3908 493 3960 tum
515 3897 600 3960 ieros
621 3894 696 3956 illos
718 3892 885 3972 Gigantes.

92 4026 210 4090 Tecuit
232 4023 336 4101 Mars,
359 4033 425 4084 tum
447 4021 623 4086 Saturnius
644 4021 745 4084 mittit

94 4159 201 4219 furore
224 4166 256 4218 et
277 4155 328 4217 ira
351 4152 541 4234 (accensus)
562 4170 659 4214 urens
680 4167 773 4214 suum
795 4147 901 4211 telum.

896 4277 917 4343 3
