2860 4870
1147 329 1213 401 149

57 599 61 605 ¹
104 530 197 596 nobis
221 529 284 590 erit
308 540 505 610 persuasum,
529 519 591 584 hec
613 531 704 606 parte
726 525 809 607 apud
832 517 953 586 ueteres
982 525 1138 602 aoristum
1167 529 1208 588 ad

103 651 266 733 quandam
278 645 706 733 imperfectisimilitudinem
720 649 900 708 accessisse.
926 647 1017 709 Licet
1032 649 1119 710 enim
1133 669 1206 711 cou-

102 774 206 835 traria
228 771 293 832 siut
315 769 533 854 imperfectum
557 779 589 829 et
611 767 761 845 aoristus,
780 787 873 847 quum
885 767 965 830 illud
979 771 1013 830 in
1026 789 1060 831 re
1076 772 1204 850 infecta,

103 893 267 972 inchoata,
292 893 426 954 durante
449 891 505 952 vel
523 892 651 974 saepius
674 863 850 964 eveniente,
874 889 928 950 hic
951 890 986 950 in
1009 909 1043 951 re
1066 894 1151 952 iacta
1172 906 1206 952 et

103 1017 263 1094 absoluta,
291 1014 389 1078 semel
415 1026 450 1075 et
477 1011 629 1076 velociter
658 1023 824 1074 transacta
851 1020 1009 1092 versetur3
1040 1014 1205 1074 tamenin

103 1138 164 1201 hoc
197 1139 322 1224 poetico
351 1157 425 1215 usu,
464 1157 557 1218 quem
590 1135 707 1197 summi
736 1135 833 1196 etiam
863 1135 1021 1218 pedestris
1049 1137 1204 1198 orationis

103 1263 279 1346 scriptores
303 1262 338 1321 in
360 1259 469 1320 multis
492 1259 641 1338 loquendi
666 1257 836 1338 generibus
864 1269 1057 1338 agnoscunt,
1087 1261 1202 1321 utrius-

103 1405 162 1464 que
192 1383 344 1466 temporis
380 1381 533 1461 quaedam
563 1379 722 1464 reperitur
738 1380 982 1459 ·con'grueutia,
1015 1396 1205 1460 quamquam

101 1526 181 1587 quae
204 1504 355 1586 adjuncta
377 1515 427 1566 est
450 1503 630 1580 diversitas,
655 1503 881 1564 obscuraesse
904 1503 1024 1580 nequit·
1074 1503 1204 1567 Etenim

98 1630 133 1691 si'
152 1637 303 1690 consueta
327 1647 364 1688 ao
387 1625 544 1688 solemnia
566 1627 614 1687 sic
637 1642 861 1700 memoramus,
877 1635 912 1684 ut
935 1643 972 1686 ea
989 1623 1052 1686 soli
1067 1625 1204 1708 tempori
1288 1625 1296 1634 '

99 1763 229 1836 peracto
258 1751 469 1829 ascribamus,
500 1750 642 1830 gentium
670 1744 767 1808 simul
795 1744 845 1808 vel
873 1746 1075 1829 singulorum
1103 1745 1204 1809 homi-

99 1893 177 1935 num
200 1873 254 1952 qni
277 1871 353 1952 quid
376 1871 481 1932 facere
504 1869 659 1947 solebant,
683 1871 846 1932 mentione
865 1870 1005 1950 injecta,
1019 1857 1203 1954 impe'rsecto

100 1997 191 2060 locus
215 1993 410 2070 conceditur,
435 1993 563 2054 aoristo*
578 2004 695 2070 etitem,
719 1993 758 2070 si,
782 1991 865 2070 quod
887 1991 1029 2066 solemne
1051 2005 1083 2054 et
1106 1995 1202 2054 usita-

99 2133 168 2181 tum
196 2114 410 2202 appellamus,
439 2133 506 2176 non
534 2115 727 2199 praeteritae
758 2124 882 2176 tantum
911 2117 1009 2177 aetati
1036 2116 1203 2200 proprium

101 2241 242 2318 videtur,
273 2239 329 2299 sed
354 2239 457 2300 omnis
480 2249 529 2299 est
555 2238 625 2299 aevi
657 2235 1087 2316 omniumque‘saeeulorum
1116 2259 1203 2300 com·

98 2381 203 2426 mune.
261 2361 350 2422 lade·
375 2359 595 2438 consequitur,
629 2370 664 2420 ut
696 2359 731 2420 si·
761 2358 844 2419 hanc
878 2355 980 2420 solam
1013 2361 1202 2444 respicimus

99 2483 264 2560 utriusque
286 2482 439 2564 temporis
461 2482 535 2552 vim,
558 2467 721 2558 nunquam
744 2481 962 2569 imperfectum
983 2482 1124 2562 quadret,
1148 2483 1202 2544 ubl

100 2581 241 2666 aoristus
270 2600 525 2662 accommodatus
554 2601 613 2679 sit,
643 2621 744 2681 neque
771 2604 908 2666 acrisius
936 2621 994 2688 pro
1017 2604 1202 2689 imperfecto

102 2718 181 2810 poni
202 2724 320 2808 possit.⁴
358 2723 432 2786 Jam
465 2726 494 2786 si
529 2723 665 2786 alterum
699 2725 812 2787 aoristi
844 2746 936 2788 usum
968 2728 1200 2814 examinemus

24 2886 26 2890 -
100 2847 167 2925 illc,
186 2857 220 2908 ut
235 2867 253 2908 e
268 2847 528 2932 praecedentibus
552 2859 649 2932 patet,
668 2868 734 2910 non
757 2851 862 2911 minus
885 2851 1011 2933 ineptit,
1035 2851 1098 2929 qui,
1122 2869 1201 2928 quae
1238 2858 1241 2864 '

99 2972 220 3032 aoristo
242 2981 426 3050 narrantur,
451 2991 489 3032 ce
511 2983 602 3055 putet
623 2991 691 3032 uon
713 2982 836 3032 mutata
859 2973 992 3034 notione
1015 2971 1200 3056 imperfecto

99 3094 163 3155 dici
195 3113 298 3176 posse.
341 3091 435 3162 „Nam
450 3102 578 3154 ‚mutato
601 3104 744 3179 tempore
767 3092 964 3174 significatio
988 3113 1108 3174 quoque
1135 3115 1202 3156 mu-

99 3225 195 3277 tatur.
247 3213 359 3292 Neque
388 3232 462 3275 vero
492 3215 650 3278 recentior
673 3215 786 3299 lingua
810 3215 980 3295 quidquam
1002 3217 1038 3278 in
1060 3217 1202 3300 singulo-

99 3355 171 3420 rum
193 3345 373 3422 temporum
396 3333 585 3434 significatu
609 3341 749 3419 novavit,
772 3339 838 3402 nisi
862 3340 944 3421 qued
968 3341 1022 3422 qui
1044 3341 1204 3404 fuit‘olim

98 3460 234 3545 perlecti
255 3481 385 3537 sensus,
414 3461 442 3521 is
465 3481 506 3522 ex
529 3483 590 3540 quo
614 3461 695 3524 illud
717 3474 841 3544 tempus
865 3465 908 3523 in·
923 3483 982 3522 usu
1004 3482 1074 3522 esse
1097 3457 1202 3540 desiit,

100 3581 239 3642 caeteris
262 3579 378 3642 coristi
401 3579 693 3656 significationibus
723 3581 849 3640 additus
880 3591 940 3640 est·
990 3581 1078 3654 Quin
1106 3583 1204 3644 etiem

101 3701 296 3764 recentiores
326 3698 444 3760 Graeci
472 3699 577 3760 verbis
608 3699 810 3776 quibusdem,
836 3719 968 3778 quorum
989 3697 1098 3762 nullus
1121 3705 1203 3786 apud

102 3823 251 3900 antiquos
274 3833 379 3887 exstat
402 3821 551 3898 aoristus,
576 3818 639 3882 hoc
662 3830 786 3903 tempus
813 3831 849 3882 ut
870 3819 962 3881 valde
990 3827 1204 3888 necessarium

101 3946 299 4028 adjecerunt,
321 3962 363 4002 ne
386 3943 605 4024 imperfectum
628 3941 757 4026 duplex,
781 3944 883 4026 ipsius
906 3942 1032 4005 scilicet
1059 3958 1092 4007 et
1121 3951 1202 4012 eori-

102 4070 145 4133 sti
168 4085 283 4130 munus
305 4051 489 4126 sustinone
533 4063 637 4146 Hujus
661 4065 788 4145 generis
812 4078 860 4128 est
882 4068 1011 4128 verbum
1034 4071 1204 4135 substanti-

102 4213 185 4273 vum,
209 4195 300 4275 cujus
323 4186 541 4272 imperfectmu
564 4171 646 4264 ἥμην
668 4189 766 4272 probe
790 4187 996 4271 distinguitur
1019 4194 1058 4254 ab
1081 4194 1203 4258 aoristo
