2860 4870
269 207 338 280 146

271 400 439 466 «licendum
461 411 533 464 eret
560 397 617 464 illc
646 419 724 464 aevo
752 393 793 460 roi
815 392 926 460 παιδιά
946 390 1046 471 παίζει
1053 439 1064 475 ,
1086 401 1115 462 ai
1137 399 1265 486 singuli
1286 427 1365 495 sepa.

272 525 367 588 ratim
390 521 515 600 ludunt,
536 514 694 600 παίζουσι,
717 543 797 604 qnae
820 523 922 584 lorma
950 533 1016 584 tum
1039 540 1161 603 quoqne
1190 535 1365 597 necessaria

271 657 331 724 eat,
354 665 449 726 quum
471 645 671 728 singulorum
695 644 788 710 ludus
812 646 848 708 in
870 645 996 708 diversa
1019 655 1163 730 tempera
1186 649 1318 734 incidit,
1338 658 1364 720 id

239 773 243 784 “
272 768 354 848 quod
384 770 558 853 praeterito
593 767 644 832 vel
681 769 797 847 lutuno,
832 785 899 830 non
932 769 1011 830 item
1038 773 1204 853 praesenti
1233 785 1363 862 tempore

180 850 191 866 ο
273 890 436 956 enuntiari
462 911 557 975 posse
585 892 620 954 in
648 902 775 977 promtu
804 901 862 954 est.
912 888 1003 952 Hace
1028 889 1088 970 iis,
1110 911 1192 973 quae
1215 917 1310 982 supra
1331 903 1362 963 ad

273 1031 302 1074 r.
326 1009 369 1074 60
391 1013 644 1096 expositarum,
668 1013 812 1076 addenda
835 1031 905 1076 esse
927 1012 1121 1094 existimavi,
1144 1035 1186 1078 ne
1201 1011 1303 1084 olnlata
1319 1045 1363 1086 oe·

273 1133 401 1198 caaione
426 1134 624 1216 negligerem
651 1154 719 1198 rem
747 1135 889 1196 nondum
918 1136 998 1198 bene
1027 1135 1063 1198 in
1093 1143 1300 1219 grammaticis
1322 1147 1361 1207 de

273 1257 404 1336 antiqua
426 1254 538 1338 lingna
559 1256 652 1320 libris
674 1255 893 1336 enucleatam,
916 1275 998 1337 quae
1020 1277 1089 1322 non
1111 1260 1215 1326 nolum
1240 1262 1358 1342 Gnosio,

272 1378 329 1442 aed
350 1377 425 1442 aliia
447 1395 569 1458 quoqne
591 1375 767 1462 philologis
789 1377 987 1459 scandinio,
1010 1381 1162 1464 quoniam
1176 1387 1294 1470 partim
1308 1386 1362 1451 hoc

271 1499 444 1566 discrimen
466 1501 503 1564 in
525 1499 711 1566 Atticorum
732 1503 862 1586 seriptis
884 1522 951 1564 non
966 1518 1189 1589 perceperunt,
1205 1511 1357 1594 partimin

271 1641 381 1686 corum
403 1634 569 1688 annorum
592 1643 689 1708 opera
712 1625 830 1688 inferre
853 1635 1032 1705 tentarunt,
1056 1628 1111 1706 qui
1132 1631 1248 1712 quibus
1269 1654 1361 1696 saecu-

271 1743 312 1808 lis
334 1743 415 1808 illud
432 1747 503 1827 jam
525 1744 651 1827 pridem
674 1744 892 1809 oblitteratum
915 1758 986 1810 erat
1008 1749 1166 1814 vixerant.

402 1866 445 1930 V.
469 1862 544 1933 465.
589 1855 724 1946 ἐλάβασι
746 1869 769 1932 i.
792 1888 822 1950 q.
846 1855 976 1947 ἐ’λαβαν,
999 1856 1123 1949 ἔλαβον.
1145 1907 1188 1920 --
1222 1868 1366 1961 φύγανί,

272 2010 300 2050 e.
324 1977 454 2072 ἐ’φυγαν.

402 2108 446 2172 V.
469 2106 546 2174 466.
590 2102 752 2191 ἀνήμεναν
785 2114 874 2196 vulgi
902 2134 991 2177 more
1016 2135 1076 2200 pro
1107 2111 1266 2199 ἆνέμεναν
1291 2126 1313 2186 i.
1345 2148 1371 2188 e,

271 2219 432 2305 ἀνέμενον.
456 2263 497 2274 -
525 2227 701 2308 σκόρπισαν
723 2233 785 2298 hoc
812 2235 882 2306 loco
911 2239 1113 2312 intransitive
1138 2262 1199 2326 pro
1227 2238 1374 2324 ἐσκορπί-

271 2358 411 2426 σθησαν.
435 2349 680 2419 latransitivam
703 2353 798 2440 hujna
819 2359 908 2422 verbi
930 2363 1170 2446 usurpationem,
1193 2382 1274 2444 quae
1286 2385 1372 2430 rara

272 2483 331 2553 eat,
354 2492 532 2543 memorare
554 2474 698 2560 neglexit
721 2451 843 2543 (Joraea¹
869 2474 988 2542 Ἀνακτ,
1017 2486 1107 2548 Τααι.
1127 2483 1174 2548 W
1203 2505 1279 2570 pag.
1304 2487 1375 2550 515

270 2616 297 2660 a.
320 2593 351 2660 h.
375 2615 404 2658 v.
432 2631 475 2644 -·-
502 2595 610 2678 uincor
636 2599 687 2664 vel
719 2595 841 2682 ἑαῆγαν
866 2624 932 2670 aor.
963 2607 1051 2673 verbi
1077 2597 1179 2690 πάγω.
1228 2607 1281 2672 Ci.
1307 2613 1373 2673 ani-

271 2717 523 2783 madversionem
545 2721 586 2792 acl
608 2723 689 2786 vers.
713 2721 787 2790 303.

400 2837 441 2904 V.
465 2836 538 2908 467.
583 2831 706 2917 ὂῆλιος
728 2833 823 2906 taces
844 2848 865 2912 i.
889 2870 917 2911 e.
941 2840 1088 2928 ἐδύσατο,
1108 2847 1242 2928 κατέδυ,
1268 2856 1299 2916 si
1324 2873 1373 2916 an-

271 2961 430 3040 tiquorum
453 2983 545 3026 naum
567 2978 702 3052 spectas.
748 2967 858 3056 Vulgo
878 2991 966 3036 nune
995 2972 1057 3040 hac
1084 2976 1216 3040 notione
1245 2969 1265 3035 ὁ
1295 2965 1375 3050 ἥλιος

196 3090 199 3098 ·
271 3073 458 3159 ἐβασίλευσε
480 3067 600 3168 dicuni,
624 3107 686 3170 qua
708 3091 746 3156 de
771 3113 806 3156 re
828 3112 929 3178 pauca
950 3096 1101 3162 meruit
1119 3097 1240 3162 Coraca
1255 3091 1376 3179 ’arnan

270 3203 360 3266 Tem.
383 3205 418 3286 Il
439 3228 512 3291 pag.
535 3207 578 3274 79
599 3222 633 3276 et
660 3214 829 3280 Tom.‘1V
855 3236 930 3302 pag.
958 3217 1009 3284 50.
1048 3253 1091 3266 -
1129 3208 1319 3300 ἐκρυβήβη,
1348 3231 1377 3280 nt

268 3341 348 3386 vers.
373 3322 446 3388 408.

352 3493 358 3501 .
401 3445 443 3511 V.
468 3444 543 3514 468.
586 3442 665 3530 μιᾶα
686 3477 743 3541 per
764 3458 925 3538 syrrizesin
946 3479 1004 3544 pro
1026 3451 1119 3540 μίαν,
1139 3474 1290 3528 utversu
1303 3461 1379 3528 322.

270 3569 374 3646 Qnmn
397 3574 549 3637 extremis
576 3537 655 3638 hiaV
648 3591 800 3656 quattuor
822 3583 965 3646 versibus
987 3583 1062 3647 inde
1089 3605 1109 3648 a
1136 3588 1242 3650 verbis
1275 3579 1382 3664 φόβον

267 3681 366 3750 πολὺν
388 3684 523 3772 empne.
545 3705 617 3758 octo
639 3695 790 3780 legantur
812 3705 943 3786 acriori,
966 3708 1079 3788 quibus
1101 3727 1199 3770 unum
1222 3710 1385 3795 imperie-

269 3821 352 3874 ctnm
374 3806 539 3895 αἰνήμεναν
560 3819 741 3882 immixtum
764 3836 827 3904 cst,
856 3844 923 3892 non
950 3848 1096 3913 pensum,
1126 3831 1205 3911 quin
1231 3831 1389 3897 Davidis

267 3933 425 4018 quantiam
454 3939 637 4022 opinionem
666 3961 924 4026 commemorem,
950 3951 986 4016 in
1009 3951 1110 4018 Maon.
1138 3973 1169 4039 p.
1193 3955 1286 4018 etud.
1317 3956 1345 4018 1.
1372 3953 1393 4015 1.

267 4069 315 4134 gr.-
345 4055 427 4118 mod.
456 4077 486 4142 p.
518 4058 565 4124 83.
587 4067 845 4152 pronuntiatam,
873 4093 954 4154 qnae
981 4088 1013 4140 et
1041 4097 1114 4140 vera
1143 4091 1192 4141 eat
1220 4089 1258 4143 et
1282 4077 1395 4143 salsa
