2870 4874
247 1428 654 1538 Commentarius
691 1438 742 1535 in
778 1431 1063 1580 Dialogum.

586 1663 710 1674 ..η-ια..-

233 1789 276 1851 V.
301 1789 330 1852 1.
358 1780 402 1847 od
421 1783 498 1861 ’χεις
519 1807 579 1874 pro
602 1783 644 1848 ool
667 1777 756 1862 ἔχεις.
808 1785 926 1852 Solent
954 1787 1072 1853 Gracci
1099 1809 1207 1854 recen·
1250 1801 1254 1810 '

101 1914 201 1974 tiores
223 1931 291 1972 non
313 1911 418 1972 solnm
439 1911 615 1995 particulas
642 1923 675 1973 et
702 1913 894 1996 pronomina
923 1913 1094 1992 quaedam,
1124 1911 1207 1976 sieut

103 2044 244 2107 veteres,
272 2032 328 2094 scd
355 2032 452 2094 etiam
482 2032 576 2094 verba
605 2032 652 2092 ita
679 2032 890 2095 inclinatione
913 2034 1114 2096 antecedenti
1135 2036 1206 2097 voci

101 2165 290 2233 annectere,
315 2165 349 2216 ut
372 2175 390 2215 e
413 2154 533 2216 duabus
557 2153 701 2232 vocibus,
723 2154 799 2217 licet
820 2175 917 2220 sensu
940 2155 1074 2220 diversis
1096 2176 1135 2219 ac
1156 2175 1204 2218 se·

65 2325 73 2350 .
94 2278 233 2361 junctis,
261 2277 529 2362 pronunciatione
556 2283 664 2338 tamen
693 2294 756 2339 una
785 2278 930 2340 exsistat.
986 2281 1058 2355 Quo
1085 2278 1139 2358 fit,
1169 2289 1206 2340 ut

100 2401 243 2486 imperiti
278 2398 404 2460 librarii
437 2382 667 2481 saepenumero
700 2399 763 2461 duo
799 2399 952 2462 voeabula
991 2399 1205 2462 inclinatione

101 2539 249 2583 connexa
278 2519 474 2598 conjunctim
502 2519 717 2581 exoraverint.
773 2518 883 2596 Itaque
913 2530 945 2580 et
974 2517 1036 2579 boc
1063 2518 1133 2582 loco
1157 2521 1213 2582 in-'

103 2642 196 2702 docte
224 2655 245 2696 a
272 2635 431 2712 librariis,
459 2653 537 2713 quos
564 2635 690 2718 priores
719 2634 857 2695 editores
884 2636 986 2696 secuti
1014 2648 1106 2712 sunt,
1129 2639 1207 2700 scri-

91 2770 193 2845 rptnm
222 2767 272 2819 est
299 2743 424 2829 νάχεις,
453 2765 485 2817 et
513 2775 610 2817 versu
641 2754 692 2818 11.
716 2754 813 2838 hujus
835 2754 957 2837 dialogi
979 2749 1059 2814 usito>
1080 2778 1139 2843 pro
1160 2745 1213 2815 ’arc'

101 2899 145 2953 ro,
167 2897 264 2964 porro
286 2898 381 2940 versu
407 2875 457 2940 12.
480 2865 594 2954 attacta
616 2897 674 2962 pro
697 2867 731 2935 τό
752 2869 857 2956 ’patrm
886 2889 918 2940 et
940 2879 975 2940 in
998 2880 1068 2963 ipsa
1090 2880 1207 2942 Batra-

102 2967 385 3083 cbomyomaobiae
414 2997 607 3084 paraphrasi
640 3000 743 3061 multa
773 2998 868 3081 hujus
902 3002 1030 3082 generis
1051 3002 1207 3088 exempla

103 3135 242 3202 exstant,
266 3143 346 3202 quae
369 3122 403 3182 in
426 3119 549 3182 criticis
573 3121 834 3184 adnotationibus
856 3123 1108 3206 perscripsimus.
1143 3125 1205 3186 Im·

103 3247 216 3330 primis
244 3255 351 3305 autern
379 3243 544 3304 mentione
572 3242 672 3324 digna
700 3253 751 3306 est
781 3242 914 3304 licentia
942 3256 1108 3328 poetarum
1130 3245 1206 3308 inde

103 3389 123 3430 a
145 3365 439 3450 Ptocboprodromo
461 3384 559 3445 usquc
581 3365 622 3427 ad
645 3377 789 3428 nostram
812 3366 877 3429 lere
899 3375 1048 3447 aetatem,
1071 3387 1134 3448 qua
1154 3367 1205 3429 illi

103 3493 138 3553 in
161 3489 355 3551 carminibus
383 3487 510 3570 vulgari
531 3508 679 3551 sermone
708 3489 891 3573 compositis
920 3492 1015 3552 verba
1043 3488 1204 3568 monosyl-

103 3612 190 3690 laba,
221 3610 270 3673 vel
304 3609 480 3690 dissyllaba
502 3612 569 3673 sive
593 3612 722 3692 integra
744 3621 831 3688 sunt,
853 3610 920 3672 sire
943 3605 1114 3693 aphaeresi
1136 3610 1205 3669 bre.

103 3736 197 3811 vieta,
211 3743 306 3817 prout
318 3729 428 3795 versus
437 3731 589 3816 postulat,
608 3732 765 3793 invocem
788 3749 1011 3814 praegressnm
1034 3727 1202 3793 inclinant.

104 3854 155 3918 Ab
164 3851 225 3912 bac
235 3853 368 3915 licentia
379 3854 494 3935 vulgus
506 3855 603 3916 etiam
616 3855 651 3914 in
661 3849 1203 3934 loquendononplencalienumest‚
1303 3905 1305 3909 s
1405 3885 1407 3890 .

105 3992 293 4056 quamquam
315 3994 382 4036 non
404 3976 573 4038 admodum
595 3973 694 4044 molta
717 3984 793 4034 sunt
815 3973 920 4050 verba,
944 3951 1140 4053 quaehodie
1158 3977 1205 4039 ita

104 4107 250 4180 usurpat,
279 4094 366 4158 velut
385 4088 492 4162 ’δωκες
513 4115 572 4180 pro
596 4082 708 4161 diones
730 4114 757 4157 v.
781 4114 806 4157 c.
834 4091 898 4171 μοῢ
925 4083 959 4154 τό
988 4089 1095 4166 ’occa
1122 4093 1205 4158 mibi

105 4216 167 4282 boc·
181 4215 314 4280 dedisti.
360 4217 411 4280 Ex
424 4215 721 4301 Ptochoprodromo
743 4219 791 4280 rei
813 4216 990 4282 firmandae
1013 4240 1109 4282 causa
1124 4218 1205 4280 baec

100 4346 190 4424 juvat
219 4342 366 4428 exempla
395 4315 548 4423 allegare.
610 4337 681 4402 Lib.
705 4338 732 4402 Ι.
756 4361 783 4403 v.
807 4338 860 4406 63.
887 4339 1006 4425 logitur
1032 4329 1126 4404 abbe
1155 4360 1203 4413 μι·
