2876 4878
99 543 254 598 Pronomen
271 532 410 610 personale
427 533 471 589 bis
488 533 607 610 positum
625 531 659 593 G.
677 553 704 593 v.
723 537 784 592 tit.

97 647 254 704 Pronomen
272 639 411 699 relativum
429 637 614 696 indeclinabile
632 638 664 699 P.
681 659 708 698 v.
726 644 752 698 3.

642 783 678 848 R

100 905 273 982 Rhytbmue
291 923 371 962 sensu
388 904 500 961 barbaro
519 902 553 960 0.
574 902 607 958 ad
624 902 660 961 D.
679 924 705 962 u.
724 905 751 964 8.

100 1013 209 1070 Rimas
227 1011 337 1069 barbara
354 1029 408 1070 vox
426 1009 461 1071 G.
479 1008 514 1066 ed
531 1008 567 1068 D.
586 1029 612 1068 u.
630 1012 658 1067 8.

644 1152 673 1222 S

103 1273 266 1348 Synizeseos
284 1268 357 1346 leges
375 1267 409 1326 C.
428 1265 462 1322 erl
478 1267 515 1328 D.
532 1253 560 1329 ι’.
579 1271 607 1328 1.
661 1261 664 1267 ’
785 1255 788 1262 ’

645 1409 675 1474 Τ

102 1533 267 1609 Temporum
284 1529 538 1608 periphrastioorum
554 1526 627 1606 apud
644 1528 807 1585 recentiores
824 1529 899 1606 origo
918 1499 946 1586 et
963 1518 1027 1588 usus
1045 1550 1072 1590 v.
1092 1533 1154 1593 468.

102 1639 206 1698 Tenuis
224 1639 312 1694 littera
330 1647 390 1693 onte
408 1638 533 1716 spiritum
550 1653 675 1712 asperum
691 1636 721 1692 in
737 1633 829 1706 multis¹
847 1635 1010 1697 dictionibus
1028 1658 1043 1693 a
1061 1636 1142 1714 vulgo
1162 1659 1218 1704 ser·

140 1755 201 1804 vota
220 1742 255 1803 C.
273 1743 307 1800 ed
324 1763 352 1802 v.
369 1744 414 1800 61.
489 1791 492 1799 .
720 1821 723 1828 ’
817 1739 819 1744 ’
986 1717 989 1722 v

104 1971 195 2030 Verba
217 1969 342 2028 nonnulle
365 1989 425 2028 eum
447 1969 599 2026 accusativo
622 1970 651 2026 iu
674 1971 797 2039 citeriore
820 1989 942 2028 sermone
965 1980 1129 2041 constructe,
1150 1991 1219 2049 quae

143 2077 214 2156 apud
231 2087 337 2134 veteres
356 2077 503 2152 genitivum
520 2075 654 2132 asciscunt
672 2074 706 2133 C.
724 2076 757 2132 ed
775 2077 805 2136 P.
824 2097 851 2137 v.
870 2079 914 2136 25.

106 2182 258 2240 Verborum
275 2185 304 2238 in
320 2208 355 2253 μι
373 2183 526 2238 exeuntium
543 2179 672 2258 reliquiae
690 2181 724 2241 C.
743 2182 777 2238 ed
794 2182 835 2252 D„
847 2203 874 2241 v.
887 2185 920 2243 ’2.

108 2287 265 2354 Verborum,
286 2289 382 2362 quibus
400 2286 522 2344 voluutas
540 2288 706 2358 exprimitur,
724 2286 873 2344 differentia
891 2287 923 2346 Ο.
943 2287 977 2345 ad
993 2308 1021 2348 v.
1042 2279 1107 2346 163.

107 2388 222 2445 Voeeles
239 2389 376 2444 nominum
394 2389 562 2464 propriorum
579 2391 608 2440 iu
626 2391 731 2442 ceribus
749 2393 866 2464 obliquis
885 2389 919 2449 C.
937 2389 971 2446 erl
988 2388 1019 2448 P.
1037 2410 1065 2450 v.
1083 2394 1110 2449 6.
