2908 4914
259 231 368 292 mm

460 401 497 460 Et
512 349 833 479 immittlplmum'uu
850 397 922 458 docti
939 398 1035 458 lerant:

458 507 578 583 Eumque
596 506 629 562 ab
647 505 708 576 illis,
727 507 775 581 qui
792 504 915 562 vitemur
931 506 1069 580 pansopbi.

460 611 499 668 lta
517 609 632 668 avolavit
649 612 703 667 viia
721 611 754 667 ab
772 611 821 667 bac
838 609 895 667 laus
913 619 940 666 et
958 609 1047 667 decus.

457 710 582 789 vulgaris
600 718 637 772 ita
655 733 762 789 regnum
780 723 853 771 tenet
870 713 998 773 conlusio.

259 856 420 934 Politicis
453 857 616 934 versibus
641 881 750 955 porro
774 853 987 930 Theodorus
1007 831 1364 955 Ptocboprodromus

257 998 422 1091 poemata
447 1013 511 1060 sua
537 977 745 1088 composuit.
794 986 887 1060 Huic
904 1013 1072 1062 versuum
1090 989 1220 1088 generi,
1246 999 1287 1062 ut
1303 1015 1364 1063 su-
1427 997 1428 1000 ’

258 1147 322 1222 pra
348 1119 509 1208 diximus,
534 1120 604 1217 jam
629 1116 723 1218 apud
748 1115 973 1217 Georgillam,
1000 1117 1115 1218 quinti
1140 1119 1268 1192 decimi
1285 1146 1364 1194 sae-

257 1251 327 1324 culi
351 1259 503 1352 poetam,
527 1247 642 1345 finalis
668 1260 863 1324 concentus
889 1249 1030 1324 additus
1055 1229 1245 1324 invenitur.
1291 1251 1362 1326 lta-

258 1409 330 1484 que
359 1381 566 1456 Demetrius
596 1380 716 1456 Zenus
748 1381 879 1486 multos
910 1380 978 1454 bac
1008 1381 1045 1454 in
1075 1406 1115 1452 re
1145 1379 1270 1455 habuit
1300 1381 1361 1455 de-

257 1535 433 1590 cessores.
482 1511 672 1588 Caeterum
696 1511 781 1587 licet
803 1539 933 1586 nomen
949 1511 1173 1610 politicorum
1191 1538 1359 1588 versuum
1429 1518 1430 1586 l

257 1645 422 1745 generale
448 1643 530 1748 olim
562 1643 686 1730 suerit,
718 1653 838 1716 tamen
868 1670 888 1716 a
918 1642 1178 1717 recentioribus
1209 1644 1262 1718 sic
1292 1645 1359 1720 soli

256 1774 484 1849 nominantur
506 1797 634 1848 versus
659 1774 856 1847 tetrametri
880 1773 1021 1846 iambici
1047 1773 1251 1866 catalectici,
1272 1804 1359 1876 quo-

255 1908 351 1982 niam
375 1905 426 1981 illi
451 1904 607 1979 omnium
624 1929 791 1980 versuum
810 1904 1005 2006 vulgarium
1024 1905 1247 1980 usitatissimi
1264 1919 1355 1982 sunt.
1430 1976 1431 2040 p

254 2039 386 2137 Neque
412 2038 505 2109 enim
527 2036 597 2132 gilio
623 2049 738 2110 metro
762 2064 886 2111 omnes
912 2037 971 2125 illi,
997 2033 1042 2110 de
1064 2037 1192 2140 quibus
1209 2041 1354 2112 mentio-
1430 2041 1431 2120 ἶ

254 2193 339 2242 nem
370 2167 452 2256 leci,
486 2166 614 2266 poetae
645 2167 702 2242 usi
733 2177 827 2242 sunt.
881 2166 925 2240 ln
954 2165 1026 2242 hoe
1054 2168 1161 2270 igitur
1186 2193 1345 2244 versuum

254 2325 386 2400 genere
422 2297 624 2373 necessaria
658 2307 743 2398 post
774 2298 966 2373 secundam
1002 2297 1181 2400 dipodiam
1212 2325 1351 2375 caesum

255 2442 321 2507 cst.
370 2429 494 2532 Quum
519 2440 638 2506 autem
663 2439 806 2534 praeter
829 2427 957 2533 pedes3
982 2458 1074 2530 quos
1104 2432 1174 2507 hoe
1204 2443 1354 2508 metrum
1431 2449 1432 2458 ¹

252 2565 414 2666 requirit,
440 2563 527 2640 solis
551 2564 589 2640 in
613 2566 727 2668 prima
753 2576 790 2642 et
819 2564 926 2641 tertia
956 2561 1099 2665 ‹lipodia
1131 2563 1355 2640 Choriambis
1431 2603 1432 2610 ξ

251 2695 354 2771 locus
380 2685 605 2782 concedatur,
630 2721 773 2792 semper
798 2695 999 2791 quindecim
1024 2693 1168 2784 syllabis
1191 2668 1262 2770 lios
1280 2724 1359 2775 rer-

253 2851 316 2902 sus
343 2833 506 2898 constare
530 2821 756 2920 perspicuum
784 2830 855 2906 est,
882 2841 1030 2914 quarum
1056 2823 1137 2887 octo
1168 2817 1213 2888 ad
1244 2825 1359 2918 prius,

252 2964 391 3052 septem
417 2951 462 3025 ad
482 2949 667 3054 posterius
692 2931 956 3022 hemistichium
979 2945 1170 3046 pertinent.
1227 2949 1359 3050 ltaque

252 3113 274 3160 a
302 3067 481 3160 nonnullis
520 3081 643 3177 στίχοι
680 3075 859 3156 πολιτικοὶ
895 3079 1360 3182 πεντεκαιδεκασύλλαβοι

251 3215 309 3295 vel
334 3217 468 3289 omisso
492 3213 693 3288 soliman
717 3211 860 3285 nomine
885 3210 1001 3284 solum
1026 3211 1148 3307 στίχοι
1166 3241 1358 3290 recurserat.

252 3341 539 3442 δεκασύλλαβοι
562 3342 680 3419 vocati
696 3351 791 3418 sunt.
840 3343 959 3444 Ipsam
975 3343 1078 3435 metri
1095 3343 1242 3416 lormam
1261 3343 1356 3418 hanc

253 3499 335 3551 esse
359 3483 477 3575 patet:

574 3641 672 3670 υ-υ-
697 3605 1024 3754 daumii-iuli)

574 3713 670 3740 ..υυ-
830 3712 926 3739 ..QU-

251 3818 363 3919 Quod
393 3825 575 3918 superest,
605 3818 698 3893 ictus
729 3815 933 3891 necessario
964 3815 1088 3888 incidit
1118 3815 1175 3890 vel
1206 3816 1242 3888 in
1273 3815 1353 3889 ulti-

250 3975 344 4024 mam
367 3949 426 4026 vel
448 3948 823 4051 in'antepenultimam
847 3946 976 4048 prioris
1001 3945 1216 4023 hemistichii
1248 3947 1351 4045 sylla-

249 4083 342 4155 bam.
399 4077 609 4180 Quodnisi
638 4080 676 4154 ib
710 4090 863 4180 utraque
891 4079 1084 4180 reperitur,
1114 4079 1152 4152 io
1182 4077 1350 4152 alterutra

250 4213 307 4306 sit,
332 4237 481 4289 necesse
506 4222 571 4288 est
631 4211 717 4289 Non
740 4213 858 4288 miuus
889 4211 1067 4312 flagitatur
1096 4210 1191 4284 ictus
1222 4211 1258 4283 in
1290 4236 1351 4308 pe-

1273 4341 1349 4414 nul-
