2860 4870
1160 319 1208 396 99

95 496 212 570 §adeon
234 507 337 596 plebis
360 527 451 572 more
472 524 533 594 pro
556 493 668 567 ἐπάνω.
714 505 764 570 Cl.
787 509 953 575 observata
968 510 1010 576 ad
1027 530 1110 578 vers.
1130 511 1203 582 120.

91 631 279 696 Notandum
301 653 394 711 vero,
418 629 561 711 quamvis
584 615 702 688 ἓπάνου
723 625 765 700 εἰς
785 634 917 718 proprie
939 635 984 698 sit
1004 655 1123 722 super,
1153 649 1202 704 ta-

89 775 167 818 men
190 741 311 814 ἐπάυου
332 748 375 822 εἰς
398 737 454 812 ἕνα
475 741 568 813 τόπον
588 751 785 816 reddendum
806 775 878 816 esse
899 751 935 818 in
950 756 1097 842 quodam
1113 756 1198 826 loco.

173 939 175 944 ,
225 875 269 938 V.
295 873 367 940 180.
418 865 584 954 βᾶλθηκεν
619 874 797 958 vulgariter
825 895 885 961 pro
915 864 1038 954 ἓβάλβη
1070 879 1199 968 3pers.

91 1001 177 1084 sing.
201 1020 268 1064 aor.
284 999 354 1065 Iud.
375 1021 460 1086 pass.
476 1001 566 1062 verbi
581 987 681 1077 βάνω,
704 999 787 1079 quod
797 1003 868 1082 jam
883 997 1022 1084 legimus
1038 1020 1132 1068 versu
1146 1003 1197 1072 73.

89 1121 142 1185 De
163 1124 266 1186 lorma
288 1124 371 1185 eonf.
393 1133 508 1186 notata
531 1123 572 1185 ad
594 1140 676 1184 vers.
700 1120 753 1185 31.

219 1243 262 1306 V.
287 1227 366 1308 181.'
408 1235 452 1304 od
473 1241 521 1320 πᾷ
541 1243 720 1329 vulgariter
741 1263 801 1330 pro
822 1235 866 1304 ool
886 1232 984 1326 πάγῃ.
1013 1245 1061 1310 ct
1086 1247 1195 1314 adnot.

85 1366 128 1429 ad
151 1385 231 1429 vers.
256 1365 331 1432 303.
356 1401 398 1412 -
420 1349 464 1426 vil
482 1359 554 1448 ’βρῇ
576 1365 596 1430 3
618 1386 702 1454 pers.
727 1367 810 1450 sing.
835 1371 919 1451 eonj.
942 1386 1009 1432 aor.
1026 1380 1088 1432 aet.
1107 1372 1197 1434 verbi

84 1481 232 1568 εὑρίσκω,
256 1510 316 1574 pro
339 1509 402 1571 qua
424 1500 457 1552 et
479 1478 522 1548 νά
543 1496 602 1571 [lep
631 1490 715 1576 apud
736 1490 862 1577 plebem
889 1500 923 1552 et
950 1480 994 1550 vti
1016 1477 1091 1573 edqp
1112 1492 1197 1578 apud

82 1612 227 1676 eruditos
250 1613 286 1674 in
309 1632 368 1675 usu
391 1623 449 1692 est,
473 1622 509 1674 ut
530 1612 666 1674 vidimus
688 1632 769 1675 vers·
793 1610 847 1676 92.

214 1732 258 1795 V.
283 1732 357 1798 183.
403 1723 532 1811 ἕπνίξαν
553 1735 649 1797 metri
672 1754 768 1798 eausa
791 1753 851 1820 pro
874 1719 1014 1813 ἔπνιξαν.

217 1853 261 1918 V.
287 1853 360 1919 181.
404 1846 581 1937 γροῖκησαν
603 1857 624 1917 i.
646 1879 673 1918 e.
698 1848 907 1938 ε’γροίκησαν.
947 1857 1024 1922 Vid.
1047 1856 1193 1924 advers.

71 1979 137 2042 89.
160 2011 205 2024 ·-·
227 1977 279 2040 De
301 1997 378 2041 voce
400 1965 507 2082 divam
529 1978 653 2061 egimus
670 1979 710 2042 ad
726 1998 808 2041 vers.
827 1977 900 2043 139.
923 2014 967 2027 -
990 1970 1113 2062 lapidae
1127 2001 1192 2046 me.

81 2101 127 2164 tri
151 2120 248 2165 eausa
270 2119 330 2186 pro
354 2085 486 2179 dsptgav.
1180 2173 1184 2181 .

213 2221 257 2284 V.
282 2219 355 2286 185.
400 2210 627 2297 dcalalnrddaa
657 2241 762 2284 aecus.
793 2221 929 2309 pluralis
962 2225 1092 2288 barbari
1126 2245 1188 2312 pro

75 2334 271 2422 διαλαλητοίς
289 2365 485 2430 praecones.
530 2345 652 2410 Eadem
673 2347 778 2408 forma
805 2357 837 2410 et
864 2347 1056 2411 nominativi
1084 2349 1189 2411 vicem

74 2469 194 2554 explet.
240 2466 301 2530 Sic
323 2469 401 2529 olim
423 2469 575 2528 dixerunt
594 2455 755 2538 ποιητάδες
776 2485 834 2548 pro
855 2457 980 2538 ποιηταί
1000 2465 1057 2544 (ef.
1080 2465 1187 2529 Simo.

74 2591 130 2652 nis
159 2588 269 2651 Portii
296 2586 465 2669 epistolam
492 2585 723 2645 dedicatoriam
752 2583 794 2644 ad
823 2582 1031 2645 Cardinalem
1058 2583 1097 2646 de
1126 2585 1187 2649 Ri.

79 2709 208 2772 ohelieu
231 2706 461 2789 grammaticae
483 2705 643 2767 sermonis
666 2704 776 2786 graeei
804 2702 946 2786 vulgaris
973 2704 1187 2790 praemissam

77 2831 162 2915 apud
184 2828 332 2912 Ducang.
358 2827 461 2891 Gloss.
486 2827 567 2891 med.
592 2839 624 2890 et
646 2828 703 2890 inf.
727 2846 776 2910 gr.
800 2825 925 2890 Toml
945 2847 978 2913 p.
993 2825 1104 2908 XIX.)
1124 2849 1187 2908 μα.

74 2939 211 3026 §areidae
239 2922 305 3035 pm>
325 2941 487 3031 μαβηταί,
516 2938 672 3029 ραῳτάδες
700 2970 759 3036 pro
787 2937 901 3029 deintus
928 2960 961 3012 et
983 2949 1086 3016 multa
1107 2949 1185 3030 alia,
1266 2985 1271 2994 ⁴=

73 3093 156 3156 qnae
188 3074 365 3137 maximam
397 3083 523 3161 portem
556 3073 656 3135 etiam
689 3089 776 3136 nune
805 3092 826 3136 a
852 3071 948 3154 'vulgo
975 3084 1181 3159 usurpantur.

72 3197 172 3261 Certe
201 3207 383 3281 postremae
406 3194 487 3258 duae
507 3211 602 3257 voees
624 3191 780 3275 hodieque
801 3195 851 3258 sio
871 3193 1044 3258 flectuntur
1062 3196 1102 3259 ab
1126 3193 1182 3258 ho·

70 3319 215 3382 minibus
238 3318 390 3398 antiquae
412 3317 544 3401 linguae
565 3317 702 3400 ignaris.
735 3349 780 3364 --
814 3303 928 3397 ἔρισαν
948 3303 1010 3383 'viu
1034 3319 1180 3383 ohserva-

69 3444 194 3507 tionem
222 3441 264 3504 ad
289 3440 427 3526 Dialogi
452 3461 533 3506 vers.
561 3437 592 3503 2.
630 3471 675 3486 -·
706 3429 822 3522 ’βγοῧυ
847 3461 907 3527 pro
937 3433 1057 3522 ε’βγῶσι
1084 3439 1105 3504 3
1134 3439 1178 3524 pl.

69 3569 155 3648 eonj-
176 3581 243 3628 aor.
265 3565 354 3629 verbi
376 3555 516 3644 ε’βγαίνω
537 3584 580 3626 ex
599 3574 744 3627 veterum
766 3537 910 3638 ἐκβαίη.)ὶ
930 3561 1010 3622 nati.
1040 3587 1084 3604 -α-
1112 3559 1180 3616 δια.

67 3675 233 3760 λαλήσουυ
259 3683 280 3750 3
303 3685 346 3772 pt
369 3681 454 3770 eonj.
475 3701 544 3749 aor.
566 3693 629 3748 aet.
658 3683 748 3746 verbi
775 3673 918 3741 διαλαλῶ
945 3697 1004 3764 pro
1032 3667 1179 3752 διαλαλή·

67 3825 163 3868 σωσι.
183 3840 228 3854 -·
358 3863 361 3867 .

204 3924 248 3992 V.
273 3924 347 3992 186.
389 3919 469 4009 γίνῃ
490 3925 512 3992 3
534 3945 618 4014 pers.
640 3925 725 4010 sing.
747 3925 833 4008 oonj.
848 3939 916 3987 aor.
932 3918 1021 3986 verbi
1035 3909 1175 4004 γίνομαι.

69 4050 121 4114 Cf.
144 4049 187 4114 ad
209 4066 291 4114 vers.
315 4045 389 4112 149.
412 4083 456 4098 ·-·
476 4034 622 4128 σύντομα
642 4051 665 4114 i.
688 4071 717 4112 e.
739 4035 912 4126 uwdptmc.

201 4169 244 4234 V.
268 4168 343 4238 187.
387 4166 612 4252 μαζωχτοῢσιν
633 4171 656 4236 i.
679 4189 707 4253 q.
730 4163 950 4250 ’μαζωχᾷῶσιν
976 4165 1102 4262 311618.
1129 4164 1174 4252 pl.

70 4296 155 4381 conj.
177 4311 247 4363 aer.
268 4315 353 4386 pass.
375 4294 465 4364 uerbi
485 4292 629 4362 anomali
649 4281 779 4375 μαζόυω
799 4311 986 4379 congrego,
1017 4287 1055 4356 in
1074 4307 1177 4354 unum

871 4409 922 4478 71
