2870 4874
252 267 302 338 70

263 452 411 544 asperum
432 456 505 521 ideo
527 475 614 520 nunc
635 453 805 520 aGraccis
827 454 960 535 servari,
983 452 1065 535 quod
1088 453 1217 518 etiamsi
1238 455 1375 539 signum

208 647 216 678 Ι
264 580 372 666 asperi
392 576 520 643 afflatus
537 578 694 688 supersit,
717 577 842 640 nullum
869 588 979 640 tamen
1006 575 1103 640 hodic
1132 577 1221 660 iuter
1250 589 1375 644 utrum-

265 723 325 784 que
348 703 498 788 spiritum
521 702 694 765 discrimen
716 702 884 788 reperitur,
907 701 974 764 sive
997 709 1032 762 ut
1056 697 1132 767 aliis
1153 700 1260 762 verbis
1284 713 1372 784 utar,

268 824 351 906 quod
372 835 486 888 neuter
507 825 743 910 pronuntiatur.
768 858 811 868 -
831 811 1025 900 ’βρίσκοπαι
1037 840 1095 906 per
1108 818 1306 907 aphaeresin
1318 846 1375 910 pro

268 938 474 1026 eripiotmwat.
495 980 540 992 -
560 939 587 1015 ’ς
607 934 648 1005 τὰ
668 935 775 1003 amireos
795 963 855 1029 pro
877 937 920 1012 εἰς
942 930 982 1001 τὰ
1003 933 1112 1002 orinia
1140 942 1192 1006 vel
1219 955 1255 1006 ut
1278 943 1373 1026 hodie

267 1067 399 1153 plurimi
419 1068 564 1131 scribunt
585 1057 700 1141 cripta
721 1067 743 1127 i.
766 1086 794 1128 c.
817 1055 949 1125 ὃσπῖτια.
993 1064 1081 1128 Nam
1103 1064 1208 1128 latina
1230 1086 1296 1130 vox
1319 1065 1374 1132 ho·

268 1183 405 1273 spritium
427 1206 486 1272 pro
509 1182 632 1270 proavis
649 1184 746 1250 domo
763 1189 834 1270 jam
857 1186 964 1250 media
985 1198 1093 1251 aetate
1116 1207 1137 1250 a
1160 1187 1296 1252 Graecis
1323 1212 1374 1254 ac-

271 1310 457 1396 cipiebatur.
480 1308 530 1373 Οἱ.
552 1309 701 1394 Ducang.
724 1309 747 1371 l.
763 1331 789 1372 c.
814 1308 938 1373 Toml
959 1330 990 1395 p.
1017 1306 1103 1374 1060
1125 1330 1150 1380 s.
1174 1329 1204 1373 v.
1227 1303 1373 1390 ὁσπίτιον,

271 1431 326 1496 ubi
347 1441 381 1495 et
402 1419 547 1506 ὁσπῆτιον
568 1444 601 1496 et
622 1421 776 1493 doscer'rtov
792 1428 952 1518 'scriptum
973 1441 1090 1494 exstat.
1135 1430 1226 1495 Idem
1237 1434 1332 1498 Tem.
1345 1436 1374 1500 li

273 1574 305 1640 p.
330 1550 415 1618 1422
436 1565 566 1640 praeter
587 1544 670 1614 σπίη
692 1553 811 1618 malam
832 1551 929 1617 habet
949 1554 1142 1641 scripturam
1158 1546 1261 1631 σπίτη,
1284 1577 1376 1640 quam

274 1697 293 1739 e
315 1675 477 1740 mendosis
499 1677 695 1739 membranis
717 1675 897 1762 exscripsit.
945 1647 948 1653 .

403 1797 447 1861 V.
471 1793 523 1862 62.
570 1786 709 1876 &addend
736 1808 885 1860 neutrum
913 1795 1049 1883 pluralis
1081 1798 1209 1862 numeri
1235 1801 1379 1867 adverbii

275 1920 382 1984 locum
410 1939 580 2008 occupans.
637 1918 781 2000 Etenim,
795 1918 910 2004 vulgus
937 1938 1064 2005 semper
1092 1921 1158 1983 iere
1186 1921 1266 1986 dicit
1293 1913 1381 1983 καλὰ

275 2060 334 2125 pro
365 2039 487 2120 καλῶς,
510 2031 599 2118 σοφὰ
624 2061 684 2126 pro
712 2037 818 2119 σοφῶς
840 2054 873 2106 et
894 2053 1048 2106 sexcenta
1070 2041 1145 2106 alia.
1197 2043 1247 2108 ct.
1271 2047 1382 2110 adnot.

275 2161 317 2224 ad
338 2181 419 2223 vers.
443 2159 496 2224 72.
540 2161 601 2224 Est
622 2171 730 2224 autem
753 2152 905 2241 ἓναρῤετός
927 2175 1032 2228 ortum
1046 2185 1089 2228 ex
1105 2157 1282 2246 δαρῤευφὸς,
1300 2188 1383 2248 quo-

275 2280 364 2343 niam
386 2281 422 2342 in
443 2279 533 2364 vulgi
548 2300 696 2345 sermone
712 2272 858 2361 βαῤῥεύω
873 2305 933 2370 pro
950 2277 1076 2366 βαῤῥέω
1092 2290 1257 2374 reperitur,
1274 2309 1295 2352 a
1317 2309 1386 2368 quo

153 2469 156 2474 ,
276 2382 455 2489 posteriore
476 2395 630 2482 θαρῥητὸς
652 2389 860 2470 derivandum
883 2408 981 2473 fuisse
996 2411 1196 2474 manifestum
1210 2417 1269 2470 est.
1294 2405 1389 2472 Cae.

277 2537 382 2588 terum
403 2526 487 2590 sicut
509 2547 551 2590 ex
573 2517 746 2607 βαῤῥευτός
773 2528 812 2593 fit
834 2517 1000 2610 βαρῤετὸς,
1028 2531 1074 2594 ita
1101 2524 1184 2613 ρέμα
1204 2507 1247 2594 ex
1267 2520 1387 2611 ῥεῦμα,

279 2634 414 2729 {properos
447 2669 488 2712 ex
521 2633 675 2730 εἷ”μορφος
705 2652 741 2714 ἰη
774 2652 924 2737 populari
954 2651 1084 2730 loquele
1105 2656 1214 2735 nasci,
1237 2652 1386 2716 advers.

279 2767 323 2839 36
345 2771 576 2836 adnotavimus·
601 2791 651 2816 -·
664 2759 761 2846 χωρὶς
774 2777 927 2851 perpetuo
942 2765 1072 2829 adhibet
1088 2769 1204 2850 vulgus
1219 2793 1282 2854 pro
1298 2760 1386 2838 dioec.

278 2891 330 2954 De
352 2893 476 2975 reliquo
498 2891 687 2956 eruditiores
709 2897 835 2952 tantum
855 2896 969 2950 nostra
992 2888 1147 2951 memorio
1174 2879 1273 2970 χωρὶς
1304 2909 1386 2960 νοω

280 3031 351 3076 rum
381 3013 561 3101 exemplum
588 3013 753 3078 imitantes
786 3030 858 3076 eum
887 3010 1030 3096 genitivo
1058 3022 1267 3096 construunt,
1297 3017 1387 3102 plebs

281 3138 497 3200 accusativum
518 3139 551 3202 ei
572 3137 732 3222 adjungit.

413 3253 457 3314 V.
481 3253 534 3315 63.
579 3247 734 3326 λανθάνει
757 3258 890 3337 antiquo
912 3257 1099 3342 significatu
1121 3255 1177 3320 hie
1198 3268 1263 3338 cst3
1291 3260 1388 3344 vulgo

282 3388 367 3432 nunc
386 3366 555 3455 peccandi
577 3371 785 3457 errandique
806 3387 1000 3461 potestatem
1022 3375 1128 3438 hebet.
1151 3407 1196 3421 -
1223 3377 1276 3440 De
1300 3371 1388 3462 ψωμὶ

283 3493 355 3558 vido
377 3513 458 3576 quae
479 3491 620 3557 diximus
636 3488 686 3558 ¹ad
705 3515 834 3562 versum
855 3494 909 3562 45.
932 3533 976 3545 —
997 3488 1245 3586 καλοζυμωμὲνρ
1268 3506 1387 3567 omissa

283 3616 536 3704 reduplicatione
559 3627 591 3679 et
612 3616 721 3681 littere
743 3639 763 3677 ν
785 3619 878 3683 finali
900 3629 950 3682 est
970 3615 1176 3705 participium
1197 3623 1278 3707 peri.
1302 3646 1387 3711 pass.

284 3743 374 3804 verbi
395 3737 561 3827 popularis
583 3728 791 3819 καλοζυμόνω
813 3737 895 3802 bene
907 3734 1096 3825 fermento.
1119 3773 1164 3787 -

417 3859 461 3925 V.
487 3859 540 3926 64.
585 3847 725 3943 ἕμορφον
753 3872 859 3924 ortum
886 3881 928 3924 ex
955 3845 1093 3940 ἕμορφου
1120 3862 1142 3925 i.
1166 3885 1194 3928 c.
1223 3850 1390 3947 εὔμορφον.

288 3979 337 4044 Cf.
360 4000 440 4062 quac
462 3985 643 4048 notavimus
665 3985 808 4048 advers.
833 3979 876 4047 24
894 3993 930 4056 ,ct
953 3980 1007 4047 36.
1037 4017 1079 4032 -
1107 3974 1303 4069 λαλάγγιον,
1332 4009 1390 4076 pro

287 4121 349 4185 quo
371 4101 453 4166 falso
476 4104 554 4169 olim
575 4106 630 4170 hic
651 4107 817 4192 legebatur
831 4095 1026 4188 φαλᾶῳγισυ,
1048 4108 1123 4188 quid
1143 4109 1207 4173 sibi
1229 4109 1321 4192 velit,
1344 4132 1391 4174 rc-

290 4227 391 4328 seram
412 4226 516 4290 verbis
538 4226 602 4293 Ad.
627 4229 743 4294 Corais
765 4229 807 4295 ad
829 4227 1061 4317 Ptochoprodr.
1084 4228 1138 4296 lib.
1159 4229 1194 4294 II
1215 4250 1296 4296 vers.
1318 4231 1391 4312 417,
