2908 4914
240 273 301 342 xrr

240 455 612 557 Ptechoprodromum
654 459 701 532 ob
742 468 988 559 paupertatem
1030 475 1247 564 nuncupant.
1308 466 1345 542 Is

134 643 135 652 κ
240 588 451 664 duodecimo
482 597 567 688 post
597 587 681 664 Chr.
719 615 753 663 n.
790 591 933 666 saeculo
970 592 1038 667 sub
1070 593 1239 671 Manuale
1276 595 1346 672 Co-

239 735 380 809 mneno,
401 720 444 793 ab
470 743 564 793 anno
594 722 684 794 1143
702 720 747 796 ad
767 723 861 794 1180
886 721 981 820 apud
1004 723 1166 802 Graecos
1191 726 1345 828 impera·

238 861 327 941 tore,
352 851 448 927 vixit
497 850 593 928 Sunt
616 861 745 942 tamen,
772 852 833 952 qui
858 855 929 951 jam
953 853 1053 954 prins
1064 855 1267 932 Simeonem
1282 859 1346 934 Se-

238 983 350 1072 thum,
376 1007 483 1081 quem
508 981 603 1058 inter
628 1009 741 1058 annos
774 985 864 1057 1070
890 991 928 1056 et
950 985 1045 1057 1080
1070 982 1235 1062 floruisse
1261 991 1346 1064 rnul-

236 1124 354 1188 tornm
381 1112 501 1211 opinio
527 1123 594 1204 est,
618 1114 797 1190 Chronica
822 1112 958 1215 vulgari
977 1113 1181 1189 Graecitate
1203 1143 1345 1218 compo-

232 1247 355 1319 suisse
387 1243 536 1318 tradant
594 1243 946 1346 Ptoehoprodromns
977 1245 1048 1318 duo
1081 1245 1226 1346 reliquit
1257 1257 1342 1347 pot-

236 1385 340 1464 mata,
367 1389 518 1475 quornm
549 1385 739 1475 utrumque
771 1375 931 1450 Manueli
960 1375 1171 1476 Imperatori
1196 1353 1342 1454 'dicavit

236 1508 281 1588 ln
303 1507 431 1582 horum
456 1506 568 1582 altero
593 1505 639 1581 de
663 1516 973 1608 paupertatesua,
998 1506 1035 1578 in
1061 1481 1173 1580 altero
1198 1507 1243 1581 de
1269 1536 1343 1584 mo·
1444 1565 1445 1582 t

235 1639 383 1711 nasterii
408 1639 464 1711 sui
489 1638 668 1734 praelecto
694 1617 937 1734 conqueritur:
986 1635 1192 1736 Utrumque
1217 1647 1342 1740 podma

234 1790 406 1869 perquam
432 1765 593 1864 ineptum
619 1774 687 1855 est„
711 1765 856 1868 dignum
881 1791 984 1858 vero,
1011 1767 1110 1867 quod
1140 1767 1184 1841 ab
1217 1764 1261 1844 iis¹
1292 1772 1340 1846 le-

145 1942 153 1954 .
235 1907 354 2000 gater,
386 1897 448 1997 qui
479 1907 571 1995 quae
603 1897 733 1997 cuique
762 1896 905 1972 saeculo
941 1897 1114 1998 graecitas
1145 1897 1250 1974 luerit
1280 1927 1340 1976 eo·

234 2047 409 2132 gnoscere
433 2027 605 2106 laborant.
652 2027 728 2102 Sed
760 2055 803 2103 eo
835 2028 1063 2130 potissimum
1093 2029 1237 2105 nomine
1268 2057 1340 2106 me·
1445 2015 1446 2052 r

233 2157 415 2234 morabilia
441 2168 527 2232 snut
550 2158 618 2232 ista
645 2160 809 2250 earmina,
847 2161 944 2262 quod
969 2159 1053 2235 hine
1078 2161 1239 2264 exiguam
1264 2173 1340 2237 tan·
1445 2216 1446 2239 t

233 2291 310 2368 tum
335 2289 646 2367 animadvertimus
672 2291 907 2368 differentiam
931 2291 1026 2368 inter
1050 2291 1232 2394 vulgarem
1252 2293 1335 2370 duo-

234 2423 362 2498 decimi
387 2421 520 2524 saeeuli
537 2420 690 2525 linguam
711 2409 750 2500 et
772 2424 951 2526 plebeium
975 2435 1121 2499 nostrae
1147 2428 1337 2502 memoriae
1411 2455 1413 2462 ·
1446 2489 1447 2492 ,

233 2555 452 2632 Graecorum
477 2581 688 2631 sermonem.
737 2555 874 2633 Verum
892 2557 1053 2657 quamvis
1075 2555 1177 2656 plebs
1198 2559 1241 2632 ab
1261 2581 1340 2632 eru-

152 2694 164 2716 '
232 2689 388 2764 ditarem
411 2685 584 2786 loquendi
607 2712 730 2761 norma
746 2691 816 2782 jam
835 2689 986 2759 multum
1005 2691 1194 2773 aberraret,
1218 2697 1339 2760 tamen

232 2820 399 2918 antiquae
422 2815 564 2913 linguae
589 2813 745 2889 studium
776 2812 827 2886 ira
853 2812 952 2888 cordi
983 2811 1201 2885 doctioribus
1233 2786 1337 2888 dillo-

231 2937 403 3048 ribu'sque
428 2953 465 3020 et
489 2944 578 3045 ipsis
598 2943 881 3046 imperatoribus
907 2951 993 3030 erat,
1018 2949 1059 3016 ut
1084 2941 1253 3041 quamdiu
1276 2971 1335 3019 res

230 3079 428 3181 Byzantina
451 3072 624 3166 stetit'in
639 3075 844 3149 'aulicorum
868 3072 1129 3172 doctorumque
1153 3073 1334 3150 hominum

231 3239 294 3288 ore
319 3219 436 3287 sermo
462 3206 683 3307 antiquitatis
708 3213 978 3281 versareturac
1003 3213 1076 3278 tam
1101 3204 1138 3278 in
1164 3205 1253 3282 actis
1271 3235 1335 3309 pu·

230 3343 332 3418 blicis
365 3360 470 3440 quam
484 3385 487 3390 ·
501 3339 539 3418 in
570 3335 789 3414 eruditorum
820 3336 965 3438 seriptis
997 3336 1233 3414 adhiberetur.
1281 3340 1334 3411 At

230 3475 292 3550 ubi
315 3469 481 3551 victrices
506 3467 702 3541 Turearum
727 3466 887 3570 legiones
913 3466 1250 3570 Constantinopolin
1274 3493 1334 3541 ex-

229 3610 441 3707 pugnarunt,
467 3623 576 3700 quum
600 3599 763 3700 plerique
786 3598 855 3678 viri
879 3599 976 3675 docti
1006 3600 1044 3674 in
1067 3599 1210 3675 ltaliam
1236 3600 1334 3675 aulu-

230 3714 384 3838 ‘gtssent
414 3725 512 3808 tanta
537 3719 651 3832 pestis
682 3733 804 3808 subito
834 3730 957 3833 populi
986 3731 1162 3831 loquelam
1192 3730 1333 3818 invasit,

229 3877 271 3942 ut
294 3885 419 3967 parum
444 3866 602 3954 abesset,
628 3864 716 3964 quin
739 3864 967 3941 barbararum
998 3888 1126 3938 vocum
1158 3861 1333 3962 lamagine

230 3999 358 4074 obruta
382 4022 507 4100 graeca
532 4019 614 4072 esse
640 3987 830 4071 desineret.
879 3995 974 4096 Quis
1000 3994 1095 4068 enim
1120 4018 1234 4092 aequo
1259 3993 1333 4066 ani-

202 4130 530 4229 ·moGraeeorum
556 4127 689 4227 scripta
712 4127 832 4229 legere
856 4135 988 4228 petest,
1014 4151 1107 4225 quae
1125 4123 1207 4198 .hoe
1235 4123 1332 4226 vulgi

230 4287 394 4340 sermone
418 4259 464 4335 de
487 4259 635 4366 historia
659 4259 753 4338 illius
779 4261 905 4337 aetatis
930 4257 1093 4332 conlecta
1118 4254 1224 4358 paulo
1238 4265 1332 4372 ¹ante
