2876 4878
370 1372 563 1480 Index
619 1371 871 1480 latinus.

625 1633 634 1643 s

602 1757 637 1821 A

64 1877 200 1934 docentus
217 1875 297 1931 metri
314 1892 392 1931 eausa
410 1877 587 1952 transpositus
603 1873 674 1932 Dial.
693 1893 720 1933 v.
739 1876 765 1942 5,
785 1875 811 1930 6.
830 1870 889 1930 Par.
908 1889 935 1930 r.
954 1871 998 1929 to.

65 1983 200 2038 Accentua
217 1999 313 2038 vocum
331 1979 401 2058 apud
419 1981 579 2036 recentiores
598 1979 720 2036 diversus
740 1978 901 2058 abantiquo
924 1975 958 2034 Ο.
977 1976 1010 2032 ad
1028 1973 1058 2032 P.
1081 1991 1108 2030 v.
1127 1975 1171 2032 tt.

65 2089 202 2144 Accentus
218 2105 324 2152 recum,
342 2105 411 2160 quae
429 2082 566 2142 encliticae
584 2103 643 2142 csse
662 2082 762 2153 solent,
780 2093 841 2140 ante
858 2081 1030 2148 vocabulum,
1048 2078 1082 2136 ad
1100 2077 1172 2157 quod

95 2180 259 2260 referuntur,
276 2192 423 2268 positarum
440 2188 476 2248 D.
494 2209 521 2249 v.
533 2193 559 2248 3.

68 2295 246 2353 Accusatirus
263 2295 389 2352 Aeolicus
405 2298 433 2351 in
451 2294 547 2370 plurali
564 2313 674 2368 numero
690 2297 791 2370 primae
809 2293 993 2351 declinationis
1011 2292 1041 2351 P.
1054 2311 1086 2358 r.
1105 2292 1131 2347 3.

64 2400 242 2452 decusatim
259 2414 308 2468 pro
327 2397 417 2449 dativo
435 2390 469 2453 C.
488 2394 521 2449 ad
538 2397 573 2450 D.
592 2419 618 2452 v.
640 2401 664 2452 1.
683 2398 715 2450 P.
731 2421 759 2450 v.
777 2402 821 2456 57,
843 2403 903 2454 111.

65 2498 168 2554 doristi
185 2494 287 2568 vulgari
305 2497 489 2551 terminatione
507 2497 631 2552 instructi
648 2494 682 2551 C.
701 2493 736 2551 ad
752 2515 778 2554 v.
797 2497 842 2554 75,

66 2599 206 2658 Articulus
224 2597 379 2676 indefinitus
396 2603 573 2658 recentiorum
591 2599 626 2660 D.
645 2619 672 2659 r.
690 2601 717 2656 2.

67 2709 211 2782 Augmenti
228 2705 351 2783 syllabici
367 2727 432 2764 usus
449 2708 479 2764 in
496 2708 619 2764 citeriore
637 2705 779 2782 graecitate
796 2702 831 2761 C.
849 2701 882 2760 ad
899 2702 936 2761 D.
953 2721 980 2761 v.
999 2707 1024 2762 7.

67 2823 138 2870 utus
155 2815 304 2871 terminatio
322 2814 404 2872 latina
421 2835 437 2872 a
454 2813 565 2873 Graecis
582 2812 670 2871 medio
688 2831 755 2871 aevo
772 2810 862 2870 multis
880 2806 1017 2869 vocabulis
1034 2806 1097 2865 addi
1114 2827 1173 2865 eoe-

103 2929 150 2996 pta
167 2918 201 2977 C.
221 2940 247 2978 r.
267 2921 311 2979 65.

610 3043 638 3108 C

69 3161 253 3234 comparativi
275 3163 304 3218 in
327 3187 359 3227 ος
379 3144 532 3218 desinentes
555 3161 590 3218 ab
612 3162 662 3232 iia,
686 3179 800 3238 quorum
816 3160 917 3239 positio
935 3183 978 3218 ων
995 3166 1052 3227 est,
1070 3155 1176 3228 formati

106 3264 141 3321 C.
158 3284 185 3323 v.
198 3267 241 3322 72.

72 3371 277 3448 comparativus
299 3367 474 3446 praecedente
496 3369 608 3430 articulo
631 3370 765 3450 quomodo
789 3368 870 3428 hodie
893 3391 908 3426 a
929 3369 1009 3448 plebe
1035 3378 1177 3446 usurpetur

107 3475 142 3534 C.
160 3474 194 3532 ad
210 3493 237 3534 v.
256 3477 299 3533 73.

72 3581 267 3654 conjunctivus
285 3579 460 3657 praecedente
478 3579 517 3639 ud
535 3582 563 3638 in
580 3581 731 3647 sententiis,
747 3578 846 3656 quibus
866 3575 949 3635 futuri
973 3574 1038 3654 quid
1060 3574 1178 3646 designa-

107 3677 153 3742 tdr
170 3683 205 3743 C.
223 3704 249 3744 v.
269 3688 331 3744 263.

74 3789 172 3869 Cyprii
190 3800 218 3847 et
235 3791 341 3849 Pontici
359 3810 411 3868 qua
429 3789 651 3850 deminutirorum
668 3787 751 3846 iorma
768 3797 875 3846 utantur
893 3787 927 3846 C.
945 3785 979 3843 ad
993 3785 1027 3874 ¹P.
1044 3806 1072 3845 v.
1090 3787 1116 3844 6.

612 3936 646 3999 D

8 4037 11 4110 J
75 4051 191 4109 Datirus
209 4056 377 4131 antiquorum
395 4055 528 4131 quomodo
547 4055 713 4130 exprimatur
730 4073 745 4109 a
762 4050 955 4109 recentioribus
972 4049 1008 4130 D
1027 4069 1054 4108 v.
1073 4052 1097 4106 1.

8 4167 10 4219 ῐ
72 4157 189 4215 Datirus
207 4179 254 4216 cur
273 4159 403 4217 exciderit
421 4181 455 4220 ex
472 4162 614 4219 recentiori
632 4160 721 4234 lingua
740 4157 773 4218 C.
794 4157 828 4214 ad
844 4157 876 4216 P.
895 4176 921 4217 r.
941 4159 984 4215 10.

74 4261 190 4322 Dativns
208 4267 237 4322 in
255 4268 348 4344 paucis
366 4267 452 4326 adhue
463 4267 590 4336 ¹formulis
607 4268 721 4326 usitatus
738 4263 809 4342 apud
827 4273 932 4322 nostrae
948 4261 1089 4322 memoriae
1103 4257 1183 4316 Grae·
1301 4267 1306 4277 ’

114 4388 160 4424 cos
180 4368 214 4428 C.
233 4371 267 4430 ad
284 4393 312 4431 r.
329 4376 373 4432 39.
