2908 4914
1439 133 1444 280 t

252 345 301 393 r

254 514 406 603 luerunt,
419 507 597 586 interdum
623 535 696 586 non
720 507 900 611 refugiunt
915 497 1034 602 voces,
1053 511 1205 613 phrases
1226 527 1263 592 et
1284 520 1367 618 jun·
1443 509 1444 516 ἵ

254 657 373 724 cturas
389 648 506 720 minus
524 643 715 746 elegantes.
757 643 891 716 Harum
915 643 1075 718 omnium
1092 649 1196 745 quasi
1212 651 1366 728 obrussa

254 789 397 882 praeter
409 786 572 856 veterum
588 773 894 878 grammaticorum
911 775 1161 852 anctoritatem
1185 785 1367 860 recentior

255 911 429 1016 graecitas
443 919 508 984 est.
525 908 668 984 Etenim
681 906 737 983 vel
751 903 967 980 eruditorum
983 931 1102 981 sermo
1121 910 1179 985 vel
1199 915 1292 1018 vulgi
1309 917 1366 992 10.

257 1044 361 1145 quela
372 1041 463 1118 tales
476 1039 617 1116 dicendi
628 1040 754 1114 modos
765 1038 920 1113 retinuit.
938 1037 1082 1137 Quodsi
1095 1040 1182 1116 aliae
1189 1043 1365 1144 loquendi

256 1173 427 1249 formulae
443 1171 539 1248 idem
556 1171 807 1272 significantes,
834 1197 925 1271 quae
946 1170 1028 1244 olim
1048 1174 1268 1269 exstiterunt,
1284 1204 1367 1254 non

257 1305 408 1408 amplius
432 1305 470 1378 in
494 1331 563 1380 usu
589 1314 685 1395 sunt,
710 1305 853 1378 minime
878 1304 1068 1378 obscumm
1092 1315 1158 1396 est
1177 1333 1250 1398 eas,
1269 1337 1366 1409 quae

138 1426 141 1432 ⁸
256 1465 352 1514 nunc
377 1448 588 1540 supersim,
614 1437 709 1538 apud
743 1437 910 1536 antiquos
941 1461 1007 1535 pro
1037 1435 1187 1537 plebeiis
1221 1439 1357 1518 habitus

257 1599 350 1648 esse.
399 1572 441 1646 Si
465 1598 551 1647 vero
577 1579 719 1671 praeter
742 1568 843 1657 tales,
869 1567 914 1640 de
940 1567 1070 1667 quibus
1094 1570 1242 1671 agimus,
1267 1573 1364 1649 locu-

256 1703 374 1776 tiones
393 1701 481 1772 aliae
495 1726 640 1798 quoque
653 1699 759 1772 hodie
772 1699 925 1774 usitatae
939 1711 1026 1774 sunt
1037 1701 1254 1798 urbaniores,
1265 1705 1364 1781 idem

257 1833 460 1922 discrimen,
470 1827 855 1931 quodinterlmshodie
867 1831 1278 1935 interceditplerumque
1288 1839 1363 1936 jam

256 1976 419 2046 veterum
444 1990 532 2040 aevo
557 1963 665 2039 luit.-
683 1963 832 2065 Optime
852 1975 970 2040 autem
988 1963 1183 2067 Phrynichi
1200 1968 1365 2044 aliorum-

128 2173 131 2178 ,
259 2123 330 2196 qne
355 2095 675 2170 Grammaticorum
701 2096 747 2168 de
773 2094 947 2168 sermonis
974 2099 1139 2174 castitate
1154 2101 1283 2199 judicia
1302 2129 1364 2176 no-

259 2237 355 2302 strae
379 2225 506 2299 aetatis
531 2223 702 2324 loquendi
733 2251 832 2299 more
856 2227 1121 2307 confirmantur.
1175 2231 1363 2335 Quidquid

259 2357 398 2435 scilicet
428 2356 659 2432 Grammatici
688 2367 860 2459 tanquam
889 2360 1073 2467 inelegans
1103 2364 1286 2454 damnant,
1325 2367 1365 2439 id

257 2499 382 2567 nostra
406 2489 576 2566 memoria
600 2491 695 2592 apud
720 2492 861 2595 plebem
875 2497 1145 2574 usitatissimum
1164 2503 1236 2584 est3
1260 2493 1367 2594 quid-

260 2625 346 2727 quid
371 2636 541 2724 tanquam
565 2653 694 2724 purum
720 2629 1018 2728 emendatumque
1035 2625 1293 2718 commendant,
1315 2626 1367 2717 id,

259 2758 292 2834 si
322 2782 419 2830 nnnc
451 2781 597 2853 qnoque
628 2755 890 2854 frequentatur,
922 2756 1047 2826 eodem
1077 2747 1184 2824 modo
1214 2759 1258 2824 ab
1284 2757 1367 2831 aliis

258 2889 377 2985 iisque
400 2885 614 2959 subrusticis
639 2883 810 2984 loquendi
835 2881 1036 2979 generibus
1053 2890 1094 2955 ut
1111 2881 1205 2982 apud
1221 2893 1365 2961 veteres

260 3014 500 3115 distinguitur.
549 3013 678 3090 Paucis
705 3013 875 3112 defungar
899 3011 1081 3114 exemplis.
1136 3013 1260 3092 Verbo
1285 3041 1368 3114 χιο-

260 3147 386 3239 νίζειν,
412 3171 484 3246 quo
509 3145 716 3220 Herodotus
740 3169 828 3218 usus
853 3155 919 3236 est,
944 3146 1027 3222 ideo
1054 3148 1220 3226 ridentur
1240 3149 1368 3224 lloren-
1443 3117 1444 3174 1

260 3279 308 3354 tis
333 3277 516 3351 Atticismi
545 3287 709 3352 auctores
741 3276 957 3356 abstinuisse
987 3305 1028 3353 ac
1060 3305 1126 3379 pro
1158 3307 1201 3354 eo
1233 3282 1369 3354 dixisse

262 3407 392 3506 νίφειν,
418 3407 516 3508 quod
540 3407 627 3481 illud
646 3407 763 3484 minus
781 3421 972 3486 venustum
988 3410 1180 3488 videretur.
1228 3407 1368 3483 Verum

263 3523 455 3646 postquam
469 3567 580 3642 purus
595 3540 654 3615 ille
663 3542 875 3618 Atticismus
883 3542 1038 3638 interiit,
1055 3542 1251 3642 Diogenem
1259 3539 1369 3613 Laer-

263 3678 353 3752 tium
376 3673 472 3748 idem
496 3657 690 3776 usurpasse
713 3674 886 3753 videmus.
935 3675 1053 3780 Hodie
1077 3683 1196 3748 autem
1220 3669 1307 3744 nibil
1332 3673 1370 3746 in

265 3805 415 3882 Graecia
440 3805 606 3884 usitatius
632 3817 699 3898 est*
724 3832 830 3906 quam
854 3806 1019 3902 χιονίζει.
1074 3804 1275 3882 Menander
1297 3810 1371 3908 pii-

265 3965 327 4036 ρος
351 3937 442 4010 dixit
464 3965 530 4036 pro
547 3937 688 4026 κύκλος
703 3935 925 4039 vituperatus
942 3938 1024 4015 ideo
1048 3939 1263 4041 Phrynicho.
1288 3935 1372 4010 Fuit
1443 3941 1444 4004 l

267 4067 362 4142 enim
385 4073 506 4170 pricos
529 4095 600 4144 vox
622 4071 739 4145 minus
760 4071 912 4174 elegans.
961 4072 1102 4150 Pariter
1117 4070 1225 4144 hodie
1244 4069 1372 4144 Graeci

266 4198 313 4273 de
347 4198 416 4274 hoc
452 4200 625 4278 vocabulo
660 4203 828 4301 judicant.
875 4203 1048 4309 Magnum
1082 4203 1188 4301 hujus
1231 4200 1371 4302 generis

266 4331 508 4436 exemplorum
531 4359 718 4420 nuurerum
743 4363 788 4414 ex
811 4337 919 4416 variis
944 4334 1180 4435 scriptoribus
1205 4333 1265 4406 hic
1289 4359 1371 4408 eou-

941 4707 948 4724 Ι
1051 4479 1444 4900 Q

1034 4855 1418 4884 nfl„-,-„,„,.....--ae--···¹···=..-
