2908 4914
1137 289 1221 358 xnrn

110 456 256 556 miltima
267 452 478 557 posterioris
485 451 706 535 hemistichii
722 451 864 552 syllaba.
890 453 949 528 De
968 455 1124 556 politicis
1142 483 1239 542 me,

110 587 165 670 (lii
175 587 254 664 aevi
270 585 491 667 Graecorum
507 561 671 662 uersibus
687 583 822 664 Struvii
838 585 1032 687 disputatio
1049 593 1214 687 exstat')

109 718 291 818 Quaeab
322 715 393 796 hoe
422 715 461 787 in
490 712 628 792 mediae
660 714 790 801 aetatis¹
817 719 1054 793 monumentis
1085 718 1214 812 borum

107 870 278 956 versuum
296 846 394 946 leges
410 841 595 945 indagatae
613 854 708 934 sunt,
737 871 801 920 eae
816 871 911 920 nunc
928 873 1072 947 quoque
1091 875 1214 928 omnes

110 1005 131 1052 a
156 977 303 1054 Graecis
329 977 572 1066 observantur,
597 974 668 1050 nisi
684 974 792 1074 vquod
816 975 854 1048 in
878 977 1017 1078 vulgari
1039 982 1214 1056 recentio-

106 1107 157 1184 ris
183 1085 353 1208 temporis
380 1133 545 1184 sermone
569 1107 651 1209 plus
677 1116 735 1182 est
749 1105 913 1182 licentiae
931 1109 969 1182 in
987 1103 1132 1208 syllabis
1155 1139 1214 1212 sy-

105 1239 217 1314 nizesi
248 1239 505 1340 coniungendis
534 1237 782 1338 ,mutandaque
820 1250 1030 1317 accentuum
1054 1242 1214 1340 sede.**)'

107 1369 194 1468 Quo
218 1369 269 1458 fit,
293 1379 334 1444 ut
357 1369 512 1470 imperiti
536 1341 638 1442 laeile
662 1368 836 1468 suspicari
852 1381 1009 1471 queant,
1040 1371 1125 1448 alias
1157 1400 1211 1446 ar-

103 1501 152 1576 tis
178 1499 354 1586 maenae,
371 1499 513 1600 reginas
537 1479 741 1600 bulgaribus
757 1491 902 1574 nostrae
919 1488 1110 1580 memoriae
1127 1528 1211 1601 poe-
1307 1509 1314 1522 “

103 1633 151 1708 tis
176 1629 336 1734 pcobazt
719 1713 722 1720 .

159 1832 163 1840 .
195 1817 220 1828 .,
248 1761 419 1850 Dictione
444 1787 531 1839 usus
557 1771 615 1836 est
638 1760 845 1851 Demetrius
869 1761 992 1838 Zenus
1021 1765 1209 1864 perspicua

105 1906 144 1970 et
168 1903 340 1994 qnantum
364 1892 403 1966 in
419 1892 517 1994 yulgi
531 1887 675 1990 loquela
691 1891 768 1966 fieri
778 1901 905 1991 potest
919 1903 1017 1968 tersa
1036 1903 1078 1986 et¹
1091 1919 1209 1974 emen-

106 2025 198 2100 data.
232 2011 508 2120 Proindebujbs
519 2015 694 2121 pobmatis
706 2019 863 2094 studium
881 2021 1007 2118 majori
1024 2021 1210 2120 commodo

103 2155 278 2235 tironibus
293 2179 375 2230 esse
386 2161 519 2254 potest,
532 2177 638 2252 qnam
647 2150 1078 2252 carminumpopularium,
1093 2153 1209 2252 qualia

30 2363 34 2370 ,
100 2295 354 2375 nostraaetate
370 2286 566 2378 editasunt,
585 2283 811 2384 quantumvis
825 2282 1042 2374 exbniorum,
1054 2283 1206 2386 diligens

101 2428 141 2492 et
153 2416 297 2505 assidua
313 2416 430 2490 lectio.
455 2415 612 2492 Maxima
625 2415 762 2490 scilieet
774 2415 969 2490 carminum
984 2414 1206 2516 popularium

102 2548 316 2624 abindoetis
329 2547 606 2649 compositorum
624 2570 708 2642 pars
721 2543 913 2616 laxioribus
926 2544 1076 2618 vinculis
1094 2574 1208 2644 gram-

103 2676 244 2750 maticis
275 2675 492 2762 continetur,
526 2697 641 2771 quam,
657 2671 748 2743 Zeni
772 2695 900 2769 poema
934 2679 1043 2768 atque
1060 2671 1206 2748 ¹idcireo

103 2805 161 2882 illa
186 2806 230 2880 iis
255 2778 367 2905 magis
391 2801 541 2904 legenda
566 2809 660 2891 sunt,
687 2801 749 2900 qui
766 2803 836 2898 jam
854 2799 1109 2899 aliquantulum
1125 2833 1205 2904 pro.
1271 2785 1274 2794 ’

101 2938 270 3014 lecerunt.
315 2934 450 3034 ‘Neque
473 2945 594 3018 tamen
620 2932 808 3031 quisquam
834 2930 893 3004 illa
911 2930 1115 3026 difficiliora,
1141 2937 1206 3012 sed

99 3067 360 3191 negligentiom
374 3075 511 3156 tantum
531 3088 637 3164 quam
654 3062 983 3162 poemaZeuianum
1001 3091 1084 3140 esse
1100 3067 1204 3162 dicat.

98 3202 180 3278 lam
206 3199 239 3282 si
262 3198 308 3302 in
324 3196 527 3306 uniuersum
554 3194 773 3270 Graecorum
798 3193 892 3287 sexti
916 3193 1045 3268 decimi
1071 3201 1204 3274 saeculi

101 3328 318 3419 serinonem,
361 3328 476 3430 qualis
511 3327 550 3402 in
583 3326 674 3400 Zoni
705 3331 880 3426 pobmate*
912 3336 1076 3426 apparet,
1098 3316 1201 3424 'cum

99 3472 245 3538 nostrae
269 3461 395 3536 aetatis
421 3485 585 3552 sermone
609 3457 746 3560 vulgari
761 3457 1019 3547 contendimus,
1043 3469 1116 3532 tam
1133 3463 1205 3536 cxi-

101 3621 205 3696 guam
226 3595 323 3671 inter
345 3595 537 3690 utrumque
563 3590 795 3684 differentiam
822 3585 1138 3690 deprehendimus
1163 3602 1203 3665 ut

100 3726 224 3815 abiis,
250 3724 410 3824 quinon
434 3723 495 3796 diu
518 3724 557 3798 in
588 3721 645 3820 bis
676 3723 805 3798 litteris
836 3721 969 3798 versati
1001 3727 1101 3808 sunt,
1131 3721 1204 3795 ani-

171 3995 195 4061 *)
231 3947 322 4046 [leber
339 3988 390 4046 deu
406 3991 566 4066 politiseben
586 3988 656 4046 Vere
679 3989 730 4044 der
748 3983 974 4062 Mittclgriecben,
996 3971 1055 4044 cine
1079 3987 1203 4075 libband·
1297 4019 1308 4036 ·

98 4081 163 4155 long
180 4097 234 4135 von
251 4075 300 4136 Dc.
318 4075 352 4134 K.
371 4075 403 4134 L.
421 4075 525 4154 Struve.
560 4072 724 4130 Hildcsb‘eim
744 4073 823 4134 1828.

170 4182 205 4253 '')
240 4179 283 4238 Do
309 4181 360 4239 boe
387 4187 538 4254 argumento
563 4197 649 4255 pauca
669 4175 783 4236 disserui
807 4181 834 4236 ln
861 4177 1011 4238 Commeat.
1038 4175 1071 4234 ad
1097 4175 1204 4250 Dlalogi

99 4289 171 4340 voss.
189 4272 202 4326 1
223 4278 251 4328 et
267 4271 293 4326 5.
657 4285 664 4292 ·

801 4373 904 4414 ΝΗ
