2870 4874
1150 291 1197 363 63

88 489 311 564 nominantur,
335 471 453 548 diuersi
475 490 583 544 essent
606 481 644 544 ab
666 481 718 561 iis,
742 483 797 562 qui
819 483 1009 569 pronomine
1024 480 1098 572 ipse
1113 487 1195 554 inat

88 619 214 674 eantur.
262 607 357 684 Quod
381 605 532 686 quoniam
555 615 667 667 contra
690 605 819 685 accidit,
841 609 1047 672 manifestum
1069 622 1135 690 cst,
1158 613 1194 676 lu

87 733 153 796 hac
177 728 317 794 formula
340 727 425 790 vitae
455 725 630 790 communis
657 725 892 810 negligentiam
921 731 1019 794 etde
1047 751 1195 798 sermono

89 851 340 937 incogitantiam
364 850 461 913 cerni.

223 971 264 1038 V.
288 970 338 1038 27.
384 964 549 1052 ΚροίζουσιΙ
573 974 711 1035 barbaro
739 991 798 1036 usu
826 991 887 1056 pro
917 973 1057 1059 simplici
1087 969 1198 1057 &vopei-

61 1075 191 1170 ’ζουσι
235 1131 277 1144 -
322 1086 364 1156 ecl
387 1089 447 1156 ’πῶ
474 1116 534 1183 pro
562 1084 606 1154 vilo
634 1089 708 1154 εἰπῶ
737 1095 759 1157 i.
788 1115 816 1157 e.
847 1083 902 1153 ἵνα
929 1083 1010 1156 εἴπω.
1056 1097 1131 1162 vid.
1155 1101 1197 1164 atl

87 1240 170 1283 vers.
195 1216 247 1282 22.

223 1340 266 1402 V.
291 1339 344 1405 28.
390 1333 466 1400 ποιά
483 1334 530 1400 ’νε
550 1359 609 1427 pro
631 1333 707 1400 ποία
730 1326 780 1398 ἕνε
802 1341 824 1402 i.
847 1361 875 1404 e.
897 1334 941 1412 sio
964 1338 1047 1403 §crea
1080 1347 1118 1409 oi.
1142 1349 1197 1412 au.

88 1477 159 1529 not.
183 1464 224 1529 ed
247 1483 330 1526 vers.
356 1426 475 1527 17.⁹-
497 1455 517 1537 ἡ
538 1455 656 1542 μητέρα
678 1464 700 1524 i.
725 1483 751 1526 e.
775 1456 795 1538 ἡ
816 1453 922 1544 μήτηρ.
966 1464 1018 1529 Ex
1040 1471 1197 1533 accusati.

89 1590 143 1652 vis
162 1587 358 1651 recentiores
380 1605 533 1674 persaepe
556 1586 736 1649 formarunt
764 1587 981 1650 nominativos
1003 1607 1031 1651 v.
1056 1610 1082 1651 o.
1110 1583 1129 1663 ἡ
1152 1585 1198 1648 ε’).

75 1703 217 1785 πίδα,“ἡ
239 1699 340 1769 olera
363 1698 510 1792 (auxta)
534 1708 583 1773 vel
605 1708 715 1771 addito
738 1726 761 1765 σ
783 1701 800 1766 ὁ
823 1703 993 1786 βασιλέας,
1022 1703 1040 1769 ὁ
1063 1705 1198 1791 πατέρας

90 1853 151 1920 pro
175 1825 268 1908 ἐλπίς,
290 1821 358 1908 νύξ,
380 1820 539 1910 βασιλεύς,
568 1819 665 1910 πατήρ
695 1831 847 1895 dieentes.
898 1832 1004 1917 Hujus
1032 1835 1199 1898 nominum
1311 1819 1315 1825 ¹

93 1954 393 2037 transfigurationis
410 1957 481 2036 jam
508 1955 543 2016 in
565 1959 708 2016 v'cterum
730 1955 945 2017 monumentis
968 1957 1123 2035 quaedam
1145 1958 1198 2021 de·

92 2046 337 2164 prehenduntur
359 2075 506 2158 vestigia.
556 2075 678 2137 Notum
701 2086 765 2154 est,
782 2079 853 2159 jam
876 2077 910 2138 in
933 2077 1196 2164 inscriptionibus

90 2200 157 2283 legi
179 2189 234 2273 risu
254 2190 402 2278 μητέραν,
425 2187 480 2270 τὴν
501 2189 697 2280 peperique,
719 2188 774 2256 roe
796 2184 926 2277 ἄνδραν,
948 2218 1029 2282 quae
1052 2222 1072 2265 a
1093 2205 1196 2268 nomi.

89 2323 212 2386 nativis
238 2305 372 2402 μητέρὰ,
400 2311 583 2401 θυγατέρα,
612 2303 730 2399 ἄνδρας
757 2319 928 2386 fluxerunt.
982 2322 1031 2389 ct.
1053 2323 1194 2389 Boeckh.

91 2445 188 2531 Corp.
211 2444 364 2526 Inscript.
387 2444 479 2507 Tom.
501 2442 535 2513 Ι,
564 2441 595 2502 5.
619 2459 692 2524 pag.
716 2439 792 2502 866.
825 2444 929 2506 Porro
952 2454 1080 2508 constat
1095 2437 1198 2523 Δήιιη.

90 2587 167 2646 opo,
194 2586 233 2632 ας
261 2531 385 2624 veteres
413 2561 535 2623 dixisse
562 2569 692 2641 praeter
713 2551 868 2638 Ἀημῆτηρ.
923 2563 1066 2624 Proinde
1088 2564 1196 2642 liquet,

92 2685 180 2750 nihil
214 2683 278 2747 hac
310 2682 345 2744 in
374 2698 409 2743 re
444 2697 540 2742 ausos
568 2696 639 2740 essa
666 2677 878 2760 recentiores,
917 2682 1002 2763 quod
1028 2681 1200 2768 analogiae

94 2807 201 2892 graeei
223 2804 381 2869 sermonis
403 2811 569 2888 repugnet.

223 2926 265 2992 V.
290 2924 341 2992 29.
384 2917 544 3007 ‘Typcrctt'cr
566 2943 625 3011 pro
646 2918 834 3006 Ὕγρασιάν.

223 3049 266 3112 V.
290 3048 343 3114 30.
390 3043 421 3108 οἱ
442 3036 500 3106 δύο
528 3048 550 3108 i.
574 3068 601 3109 e.
626 3043 735 3110 arrabo.
786 3049 873 3113 Nam
901 3042 958 3111 δύο
986 3056 1197 3139 praecedente

92 3173 231 3240 articulo
255 3173 290 3234 in
313 3170 468 3232 inferiore
490 3168 667 3251 graecitate
690 3170 805 3250 ubique
820 3172 1006 3237 vertendum
1021 3187 1070 3238 est
1085 3173 1196 3254 umbo,

92 3295 242 3360 similiter
264 3303 358 3375 atque
381 3293 416 3355 in
440 3289 566 3354 Gallico
589 3310 737 3355 sermone
760 3288 810 3357 les
831 3291 934 3360 deux.
958 3333 1002 3344 -
1030 3299 1069 3364 ln
1092 3305 1196 3368 verbis
1284 3306 1288 3314 '

90 3409 133 3499 μὲ
154 3402 239 3478 tata
259 3434 331 3487 reve
353 3406 465 3475 παιδία
480 3418 553 3499 Jam
574 3417 777 3502 perspicuum
801 3418 874 3501 erit,
897 3421 973 3503 quid
995 3423 1039 3487 sit
1061 3441 1133 3493 τους
1155 3445 1196 3488 cx

91 3541 144 3621 iis,
168 3560 248 3623 quae
270 3540 313 3603 ed
336 3558 417 3602 vers.
442 3535 495 3608 26.
519 3541 663 3623 exposui.

223 3660 264 3724 V.
291 3659 342 3726 31.
386 3645 671 3730 ‘Ptooulvsnomen
695 3641 878 3724 truncatum
900 3681 959 3747 pro
974 3654 1197 3740 Ἠριδανόν.-

92 3781 325 3865 &peregratione
347 3793 481 3847 accentu
505 3783 599 3845 metri
622 3802 719 3845 causa
739 3793 861 3844 mutato
878 3802 938 3866 pro
955 3775 1196 3862 &pommeranos

81 3895 221 3987 'Vulgus
244 3904 330 3965 enim
353 3897 586 3984 ἐγνωρίσνηκαν
614 3904 664 3966 vel
695 3891 942 3982 ἕγυωριστήκανε
969 3903 1020 3966 vel
1048 3899 1195 3988 e’poopt'c.

92 4041 201 4102 &naue
237 4023 316 4087 dicit
348 4043 406 4107 pro
440 4017 694 4103 ἐγυωρίσβηοάν,
728 4022 811 4103 quod
845 4023 963 4089 cruditi
999 4033 1193 4114 praeierunt.

95 4139 258 4214 Constans
281 4157 387 4210 autem
412 4144 563 4226 analogia
586 4155 618 4206 et
640 4144 675 4206 in
697 4145 862 4242 flectendis
886 4150 1021 4214 caeteris
1043 4155 1193 4238 personis

74 4283 152 4351 est,
176 4289 308 4354 quarum
330 4269 436 4355 prima
463 4265 639 4352 singularis
669 4259 892 4350 iyoopiosoao
919 4285 952 4338 et
980 4266 1195 4356 ἐγυωρίστηκα
