<?xml version="1.0" encoding="UTF-8"?>
<!DOCTYPE html PUBLIC "-//W3C//DTD XHTML 1.0 Transitional//EN"
    "http://www.w3.org/TR/xhtml1/DTD/xhtml1-transitional.dtd">
<html xmlns="http://www.w3.org/1999/xhtml" xml:lang="en" lang="en">
 <head>
  <title>
</title>
<meta http-equiv="Content-Type" content="text/html;charset=utf-8" />
  <meta name='ocr-system' content='tesseract 3.04.00' />
  <meta name='ocr-capabilities' content='ocr_page ocr_carea ocr_par ocr_line ocrx_word'/>
</head>
<body>
  <div class='ocr_page' id='page_1' title='image "./demetriizenipar01mullgoog_0021.png"; bbox 0 0 2908 4914; ppageno 0'>
   <div class='ocr_carea' id='block_1_1' title="bbox 1146 265 1208 316">
    <p class='ocr_par' dir='ltr' id='par_1_1' title="bbox 1146 265 1208 316">
     <span class='ocr_line' id='line_1_1' title="bbox 1146 265 1208 316; baseline 0 0"><span class='ocrx_word' id='word_1_1' title='bbox 1146 265 1208 316; x_wconf 74' lang='lat' dir='ltr'>Xlll</span> 
     </span>
    </p>
   </div>
   <div class='ocr_carea' id='block_1_2' title="bbox 9 432 1210 678">
    <p class='ocr_par' dir='ltr' id='par_1_2' title="bbox 9 432 1210 678">
     <span class='ocr_line' id='line_1_2' title="bbox 9 432 1208 544; baseline -0.009 -21"><span class='ocrx_word' id='word_1_2' title='bbox 9 461 12 490; x_wconf 78' lang='lat'>’</span> <span class='ocrx_word' id='word_1_3' title='bbox 108 443 235 522; x_wconf 81' lang='lat' dir='ltr'>eruditi</span> <span class='ocrx_word' id='word_1_4' title='bbox 260 443 309 544; x_wconf 86' lang='lat' dir='ltr'>ita</span> <span class='ocrx_word' id='word_1_5' title='bbox 333 439 568 544; x_wconf 78' lang='lat' dir='ltr'><strong>loquerentur</strong></span> <span class='ocrx_word' id='word_1_6' title='bbox 592 444 628 512; x_wconf 90' lang='lat' dir='ltr'>et</span> <span class='ocrx_word' id='word_1_7' title='bbox 652 435 867 526; x_wconf 89' lang='lat' dir='ltr'>scriberent,</span> <span class='ocrx_word' id='word_1_8' title='bbox 898 443 941 511; x_wconf 92' lang='lat' dir='ltr'>ut</span> <span class='ocrx_word' id='word_1_9' title='bbox 970 433 1015 510; x_wconf 84' lang='lat' dir='ltr'>ad</span> <span class='ocrx_word' id='word_1_10' title='bbox 1041 432 1208 512; x_wconf 85' lang='lat' dir='ltr'>dictionis</span> 
     </span>
     <span class='ocr_line' id='line_1_3' title="bbox 107 566 1210 678; baseline -0.007 -28"><span class='ocrx_word' id='word_1_11' title='bbox 107 575 370 678; x_wconf 82' lang='lat' dir='ltr'>praestantiam,</span> <span class='ocrx_word' id='word_1_12' title='bbox 396 569 537 671; x_wconf 90' lang='lat' dir='ltr'>qualem</span> <span class='ocrx_word' id='word_1_13' title='bbox 562 568 744 670; x_wconf 77' lang='lat' dir='ltr'>superiora</span> <span class='ocrx_word' id='word_1_14' title='bbox 768 566 908 643; x_wconf 87' lang='lat' dir='ltr'>saecula</span> <span class='ocrx_word' id='word_1_15' title='bbox 932 566 1104 660; x_wconf 87' lang='lat' dir='ltr'>tulerant,</span> <span class='ocrx_word' id='word_1_16' title='bbox 1127 592 1210 670; x_wconf 89' lang='lat' dir='ltr'>pro·</span> 
     </span>
    </p>
   </div>
   <div class='ocr_carea' id='block_1_3' title="bbox 106 687 1345 800">
    <p class='ocr_par' dir='ltr' id='par_1_3' title="bbox 106 687 1345 800">
     <span class='ocr_line' id='line_1_4' title="bbox 106 687 1345 800; baseline -0.01 -16"><span class='ocrx_word' id='word_1_17' title='bbox 106 709 200 784; x_wconf 83' lang='lat' dir='ltr'><strong>xime</strong></span> <span class='ocrx_word' id='word_1_18' title='bbox 226 704 449 790; x_wconf 78' lang='lat' dir='ltr'>accederent,</span> <span class='ocrx_word' id='word_1_19' title='bbox 473 699 600 800; x_wconf 87' lang='lat' dir='ltr'>vulgus</span> <span class='ocrx_word' id='word_1_20' title='bbox 625 709 756 789; x_wconf 87' lang='lat' dir='ltr'>tamen,</span> <span class='ocrx_word' id='word_1_21' title='bbox 782 700 880 800; x_wconf 89' lang='lat' dir='ltr'>quud</span> <span class='ocrx_word' id='word_1_22' title='bbox 903 709 987 775; x_wconf 85' lang='lat' dir='ltr'>ante</span> <span class='ocrx_word' id='word_1_23' title='bbox 1011 708 1090 774; x_wconf 87' lang='lat' dir='ltr'>acta</span> <span class='ocrx_word' id='word_1_24' title='bbox 1120 708 1211 774; x_wconf 88' lang='lat' dir='ltr'>teur·</span> <span class='ocrx_word' id='word_1_25' title='bbox 1341 687 1345 694; x_wconf 45' lang='lat'><strong>⁴</strong></span> 
     </span>
    </p>
   </div>
   <div class='ocr_carea' id='block_1_4' title="bbox 107 830 1307 3955">
    <p class='ocr_par' dir='ltr' id='par_1_4' title="bbox 107 830 1307 3955">
     <span class='ocr_line' id='line_1_5' title="bbox 107 830 1212 942; baseline -0.006 -29"><span class='ocrx_word' id='word_1_26' title='bbox 107 867 196 942; x_wconf 87' lang='lat' dir='ltr'>pora</span> <span class='ocrx_word' id='word_1_27' title='bbox 227 861 302 912; x_wconf 90' lang='lat' dir='ltr'>nou</span> <span class='ocrx_word' id='word_1_28' title='bbox 337 841 444 922; x_wconf 75' lang='lat' dir='ltr'>curat,</span> <span class='ocrx_word' id='word_1_29' title='bbox 469 831 720 934; x_wconf 88' lang='lat' dir='ltr'>praesentibus</span> <span class='ocrx_word' id='word_1_30' title='bbox 757 830 858 906; x_wconf 87' lang='lat' dir='ltr'>mabs</span> <span class='ocrx_word' id='word_1_31' title='bbox 893 830 1130 932; x_wconf 82' lang='lat' dir='ltr'>ingemiscens</span> <span class='ocrx_word' id='word_1_32' title='bbox 1163 832 1212 907; x_wconf 92' lang='lat' dir='ltr'>ob</span> 
     </span>
     <span class='ocr_line' id='line_1_6' title="bbox 109 960 1213 1067; baseline -0.005 -26"><span class='ocrx_word' id='word_1_33' title='bbox 109 970 304 1044; x_wconf 88' lang='lat' dir='ltr'>litterarum</span> <span class='ocrx_word' id='word_1_34' title='bbox 328 963 560 1067; x_wconf 86' lang='lat' dir='ltr'>ignorantiam</span> <span class='ocrx_word' id='word_1_35' title='bbox 592 989 666 1038; x_wconf 90' lang='lat' dir='ltr'>non</span> <span class='ocrx_word' id='word_1_36' title='bbox 698 962 822 1038; x_wconf 89' lang='lat' dir='ltr'>rudius</span> <span class='ocrx_word' id='word_1_37' title='bbox 854 961 978 1053; x_wconf 90' lang='lat' dir='ltr'>modo,</span> <span class='ocrx_word' id='word_1_38' title='bbox 1009 960 1075 1038; x_wconf 86' lang='lat' dir='ltr'>sed</span> <span class='ocrx_word' id='word_1_39' title='bbox 1107 961 1213 1038; x_wconf 88' lang='lat' dir='ltr'>etiam</span> 
     </span>
     <span class='ocr_line' id='line_1_7' title="bbox 109 1091 1214 1200; baseline -0.005 -26"><span class='ocrx_word' id='word_1_40' title='bbox 109 1098 310 1200; x_wconf 88' lang='lat' dir='ltr'>corruptius</span> <span class='ocrx_word' id='word_1_41' title='bbox 345 1093 517 1198; x_wconf 87' lang='lat' dir='ltr'>loquendi</span> <span class='ocrx_word' id='word_1_42' title='bbox 555 1121 669 1197; x_wconf 87' lang='lat' dir='ltr'>genus</span> <span class='ocrx_word' id='word_1_43' title='bbox 706 1096 778 1194; x_wconf 91' lang='lat' dir='ltr'>jam</span> <span class='ocrx_word' id='word_1_44' title='bbox 808 1092 976 1172; x_wconf 53' lang='lat' dir='ltr'>,babebat</span> <span class='ocrx_word' id='word_1_45' title='bbox 1023 1091 1124 1180; x_wconf 82' lang='lat' dir='ltr'>Haec</span> <span class='ocrx_word' id='word_1_46' title='bbox 1154 1093 1214 1168; x_wconf 84' lang='lat' dir='ltr'>illa</span> 
     </span>
     <span class='ocr_line' id='line_1_8' title="bbox 110 1223 1216 1330; baseline -0.002 -26"><span class='ocrx_word' id='word_1_47' title='bbox 110 1241 166 1306; x_wconf 90' lang='lat' dir='ltr'>est</span> <span class='ocrx_word' id='word_1_48' title='bbox 190 1231 319 1330; x_wconf 88' lang='lat' dir='ltr'>lingua,</span> <span class='ocrx_word' id='word_1_49' title='bbox 344 1254 451 1330; x_wconf 90' lang='lat' dir='ltr'>quam</span> <span class='ocrx_word' id='word_1_50' title='bbox 474 1223 560 1303; x_wconf 91' lang='lat' dir='ltr'>inde</span> <span class='ocrx_word' id='word_1_51' title='bbox 584 1253 606 1301; x_wconf 87' lang='lat' dir='ltr'>a</span> <span class='ocrx_word' id='word_1_52' title='bbox 630 1235 734 1302; x_wconf 80' lang='lat' dir='ltr'>sexto</span> <span class='ocrx_word' id='word_1_53' title='bbox 758 1225 834 1301; x_wconf 87' lang='lat' dir='ltr'>fere</span> <span class='ocrx_word' id='word_1_54' title='bbox 858 1234 945 1326; x_wconf 87' lang='lat' dir='ltr'>post</span> <span class='ocrx_word' id='word_1_55' title='bbox 968 1223 1054 1302; x_wconf 80' lang='lat' dir='ltr'>Cbr.</span> <span class='ocrx_word' id='word_1_56' title='bbox 1077 1251 1113 1302; x_wconf 90' lang='lat' dir='ltr'>n.</span> <span class='ocrx_word' id='word_1_57' title='bbox 1137 1251 1216 1302; x_wconf 85' lang='lat' dir='ltr'>sae·</span> 
     </span>
     <span class='ocr_line' id='line_1_9' title="bbox 113 1354 1217 1460; baseline -0.007 -22"><span class='ocrx_word' id='word_1_58' title='bbox 113 1362 191 1438; x_wconf 90' lang='lat' dir='ltr'>culo</span> <span class='ocrx_word' id='word_1_59' title='bbox 206 1441 208 1448; x_wconf 23' lang='lat'><strong>¹</strong></span> <span class='ocrx_word' id='word_1_60' title='bbox 223 1361 444 1460; x_wconf 83' lang='lat' dir='ltr'>Graecorum</span> <span class='ocrx_word' id='word_1_61' title='bbox 481 1359 675 1458; x_wconf 77' lang='lat' dir='ltr'>scriptores</span> <span class='ocrx_word' id='word_1_62' title='bbox 711 1357 893 1460; x_wconf 82' lang='lat' dir='ltr'>vulgarem</span> <span class='ocrx_word' id='word_1_63' title='bbox 922 1354 986 1445; x_wconf 82' lang='lat' dir='ltr'>vel¹</span> <span class='ocrx_word' id='word_1_64' title='bbox 1008 1355 1217 1460; x_wconf 81' lang='lat' dir='ltr'>popularem</span> 
     </span>
     <span class='ocr_line' id='line_1_10' title="bbox 111 1485 1218 1594; baseline -0.004 -26"><span class='ocrx_word' id='word_1_65' title='bbox 111 1490 297 1594; x_wconf 74' lang='grc' dir='ltr'>(δημώδη,</span> <span class='ocrx_word' id='word_1_66' title='bbox 311 1487 453 1590; x_wconf 73' lang='grc' dir='ltr'><strong><em>ἁπλῆν,</em></strong></span> <span class='ocrx_word' id='word_1_67' title='bbox 467 1485 612 1588; x_wconf 78' lang='grc' dir='ltr'><strong><em>κοινὴν,</em></strong></span> <span class='ocrx_word' id='word_1_68' title='bbox 629 1486 816 1592; x_wconf 75' lang='grc' dir='ltr'><strong>ἰδιωτικὴν</strong></span> <span class='ocrx_word' id='word_1_69' title='bbox 825 1485 1218 1590; x_wconf 61' lang='lat' dir='ltr'>frclftenrovvelqrbcim</span> 
     </span>
     <span class='ocr_line' id='line_1_11' title="bbox 112 1617 1219 1720; baseline -0.005 -19"><span class='ocrx_word' id='word_1_70' title='bbox 112 1654 190 1701; x_wconf 82' lang='grc' dir='ltr'>σαν</span> <span class='ocrx_word' id='word_1_71' title='bbox 218 1627 296 1700; x_wconf 71' lang='grc' dir='ltr'>τῶν</span> <span class='ocrx_word' id='word_1_72' title='bbox 323 1617 521 1716; x_wconf 75' lang='grc' dir='ltr'>χυδαίων)</span> <span class='ocrx_word' id='word_1_73' title='bbox 554 1618 742 1720; x_wconf 83' lang='lat' dir='ltr'>appellant</span> <span class='ocrx_word' id='word_1_74' title='bbox 796 1619 840 1694; x_wconf 89' lang='lat' dir='ltr'>ln</span> <span class='ocrx_word' id='word_1_75' title='bbox 870 1618 941 1694; x_wconf 89' lang='lat' dir='ltr'>boc</span> <span class='ocrx_word' id='word_1_76' title='bbox 972 1645 1091 1698; x_wconf 90' lang='lat' dir='ltr'>rerum</span> <span class='ocrx_word' id='word_1_77' title='bbox 1120 1627 1219 1697; x_wconf 87' lang='lat' dir='ltr'>statu</span> 
     </span>
     <span class='ocr_line' id='line_1_12' title="bbox 112 1749 1218 1854; baseline -0.001 -25"><span class='ocrx_word' id='word_1_78' title='bbox 112 1755 201 1830; x_wconf 88' lang='lat' dir='ltr'>nihil</span> <span class='ocrx_word' id='word_1_79' title='bbox 218 1751 395 1830; x_wconf 78' lang='lat' dir='ltr'>funestius</span> <span class='ocrx_word' id='word_1_80' title='bbox 413 1749 528 1852; x_wconf 87' lang='lat' dir='ltr'>plebis</span> <span class='ocrx_word' id='word_1_81' title='bbox 547 1749 721 1852; x_wconf 87' lang='lat' dir='ltr'>loquelae,</span> <span class='ocrx_word' id='word_1_82' title='bbox 744 1776 850 1854; x_wconf 87' lang='lat' dir='ltr'>quam</span> <span class='ocrx_word' id='word_1_83' title='bbox 869 1749 1002 1828; x_wconf 88' lang='lat' dir='ltr'>indies</span> <span class='ocrx_word' id='word_1_84' title='bbox 1020 1775 1218 1852; x_wconf 84' lang='lat' dir='ltr'>augescens</span> 
     </span>
     <span class='ocr_line' id='line_1_13' title="bbox 113 1857 1307 1988; baseline -0.008 -27"><span class='ocrx_word' id='word_1_85' title='bbox 113 1913 181 1988; x_wconf 91' lang='lat' dir='ltr'>per</span> <span class='ocrx_word' id='word_1_86' title='bbox 203 1894 322 1960; x_wconf 90' lang='lat' dir='ltr'>totum</span> <span class='ocrx_word' id='word_1_87' title='bbox 345 1881 454 1954; x_wconf 89' lang='lat' dir='ltr'>medii</span> <span class='ocrx_word' id='word_1_88' title='bbox 478 1883 557 1958; x_wconf 83' lang='lat' dir='ltr'>aevi</span> <span class='ocrx_word' id='word_1_89' title='bbox 582 1883 737 1981; x_wconf 89' lang='lat' dir='ltr'>spatium</span> <span class='ocrx_word' id='word_1_90' title='bbox 767 1907 848 1956; x_wconf 91' lang='lat' dir='ltr'>curu</span> <span class='ocrx_word' id='word_1_91' title='bbox 876 1882 1075 1981; x_wconf 86' lang='lat' dir='ltr'>peregrinis</span> <span class='ocrx_word' id='word_1_92' title='bbox 1107 1857 1220 1981; x_wconf 83' lang='lat' dir='ltr'>geuli-</span> <span class='ocrx_word' id='word_1_93' title='bbox 1299 1942 1307 1952; x_wconf 87' lang='lat'>.</span> 
     </span>
     <span class='ocr_line' id='line_1_14' title="bbox 116 2009 1222 2121; baseline -0.003 -32"><span class='ocrx_word' id='word_1_94' title='bbox 116 2017 187 2089; x_wconf 88' lang='lat' dir='ltr'>bus</span> <span class='ocrx_word' id='word_1_95' title='bbox 214 2009 465 2087; x_wconf 89' lang='lat' dir='ltr'>commercium</span> <span class='ocrx_word' id='word_1_96' title='bbox 490 2009 651 2121; x_wconf 78' lang='lat' dir='ltr'>accidere</span> <span class='ocrx_word' id='word_1_97' title='bbox 682 2019 834 2112; x_wconf 89' lang='lat' dir='ltr'>poterat.</span> <span class='ocrx_word' id='word_1_98' title='bbox 892 2010 1024 2088; x_wconf 88' lang='lat' dir='ltr'>Variae</span> <span class='ocrx_word' id='word_1_99' title='bbox 1054 2010 1222 2088; x_wconf 88' lang='lat' dir='ltr'>nimirum</span> 
     </span>
     <span class='ocr_line' id='line_1_15' title="bbox 116 2142 1221 2245; baseline 0.002 -25"><span class='ocrx_word' id='word_1_100' title='bbox 116 2146 279 2220; x_wconf 89' lang='lat' dir='ltr'>nationes</span> <span class='ocrx_word' id='word_1_101' title='bbox 306 2142 493 2233; x_wconf 86' lang='lat' dir='ltr'>barbarae,</span> <span class='ocrx_word' id='word_1_102' title='bbox 520 2167 612 2242; x_wconf 86' lang='lat' dir='ltr'>quae</span> <span class='ocrx_word' id='word_1_103' title='bbox 638 2143 863 2218; x_wconf 84' lang='lat' dir='ltr'>continenter</span> <span class='ocrx_word' id='word_1_104' title='bbox 893 2142 932 2218; x_wconf 91' lang='lat' dir='ltr'>in</span> <span class='ocrx_word' id='word_1_105' title='bbox 961 2142 1102 2245; x_wconf 87' lang='lat' dir='ltr'>imperii</span> <span class='ocrx_word' id='word_1_106' title='bbox 1132 2143 1221 2222; x_wconf 83' lang='lat' dir='ltr'>fmes</span> 
     </span>
     <span class='ocr_line' id='line_1_16' title="bbox 114 2274 1221 2379; baseline 0 -27"><span class='ocrx_word' id='word_1_107' title='bbox 114 2277 359 2378; x_wconf 83' lang='lat' dir='ltr'>irrumpebant</span> <span class='ocrx_word' id='word_1_108' title='bbox 383 2284 420 2350; x_wconf 88' lang='lat' dir='ltr'>et</span> <span class='ocrx_word' id='word_1_109' title='bbox 445 2274 656 2375; x_wconf 88' lang='lat' dir='ltr'>quibuscum</span> <span class='ocrx_word' id='word_1_110' title='bbox 681 2298 798 2376; x_wconf 86' lang='lat' dir='ltr'>usque</span> <span class='ocrx_word' id='word_1_111' title='bbox 824 2274 914 2352; x_wconf 86' lang='lat' dir='ltr'>bella</span> <span class='ocrx_word' id='word_1_112' title='bbox 936 2276 1091 2379; x_wconf 88' lang='lat' dir='ltr'>gerenda</span> <span class='ocrx_word' id='word_1_113' title='bbox 1109 2286 1221 2368; x_wconf 83' lang='lat' dir='ltr'>eraut,</span> 
     </span>
     <span class='ocr_line' id='line_1_17' title="bbox 114 2406 1223 2512; baseline 0.001 -28"><span class='ocrx_word' id='word_1_114' title='bbox 114 2409 287 2512; x_wconf 89' lang='lat' dir='ltr'>imprimis</span> <span class='ocrx_word' id='word_1_115' title='bbox 314 2433 401 2485; x_wconf 87' lang='lat' dir='ltr'>vcro</span> <span class='ocrx_word' id='word_1_116' title='bbox 425 2406 576 2484; x_wconf 85' lang='lat' dir='ltr'>fanatica</span> <span class='ocrx_word' id='word_1_117' title='bbox 605 2407 665 2484; x_wconf 87' lang='lat' dir='ltr'>illa</span> <span class='ocrx_word' id='word_1_118' title='bbox 697 2408 961 2486; x_wconf 89' lang='lat' dir='ltr'>Cruciferorum</span> <span class='ocrx_word' id='word_1_119' title='bbox 992 2408 1133 2510; x_wconf 86' lang='lat' dir='ltr'>agmina</span> <span class='ocrx_word' id='word_1_120' title='bbox 1162 2433 1223 2487; x_wconf 82' lang='lat' dir='ltr'>va·</span> 
     </span>
     <span class='ocr_line' id='line_1_18' title="bbox 116 2516 1277 2637; baseline -0.003 -21"><span class='ocrx_word' id='word_1_121' title='bbox 116 2550 174 2616; x_wconf 87' lang='lat' dir='ltr'>sto</span> <span class='ocrx_word' id='word_1_122' title='bbox 198 2537 355 2614; x_wconf 84' lang='lat' dir='ltr'>tumultu</span> <span class='ocrx_word' id='word_1_123' title='bbox 389 2537 577 2612; x_wconf 86' lang='lat' dir='ltr'>Graeciam</span> <span class='ocrx_word' id='word_1_124' title='bbox 604 2538 850 2635; x_wconf 86' lang='lat' dir='ltr'>percursantia</span> <span class='ocrx_word' id='word_1_125' title='bbox 881 2565 963 2614; x_wconf 87' lang='lat' dir='ltr'>curu</span> <span class='ocrx_word' id='word_1_126' title='bbox 989 2516 1112 2614; x_wconf 81' lang='lat' dir='ltr'>inultis</span> <span class='ocrx_word' id='word_1_127' title='bbox 1139 2543 1223 2637; x_wconf 71' lang='lat' dir='ltr'>,ejus</span> <span class='ocrx_word' id='word_1_128' title='bbox 1266 2599 1277 2613; x_wconf 70' lang='grc'>,</span> 
     </span>
     <span class='ocr_line' id='line_1_19' title="bbox 117 2663 1303 2758; baseline -0.002 -14"><span class='ocrx_word' id='word_1_129' title='bbox 117 2667 254 2744; x_wconf 89' lang='lat' dir='ltr'>incolas</span> <span class='ocrx_word' id='word_1_130' title='bbox 279 2663 420 2738; x_wconf 86' lang='lat' dir='ltr'>damnis</span> <span class='ocrx_word' id='word_1_131' title='bbox 444 2663 657 2754; x_wconf 84' lang='lat' dir='ltr'>affecerunt,</span> <span class='ocrx_word' id='word_1_132' title='bbox 686 2663 765 2739; x_wconf 84' lang='lat' dir='ltr'>tuni</span> <span class='ocrx_word' id='word_1_133' title='bbox 795 2665 993 2742; x_wconf 84' lang='lat' dir='ltr'>constituto</span> <span class='ocrx_word' id='word_1_134' title='bbox 1023 2667 1074 2742; x_wconf 94' lang='lat' dir='ltr'>ibi</span> <span class='ocrx_word' id='word_1_135' title='bbox 1104 2666 1225 2758; x_wconf 87' lang='lat' dir='ltr'>latino,</span> <span class='ocrx_word' id='word_1_136' title='bbox 1288 2686 1303 2711; x_wconf 81' lang='lat'>¹</span> 
     </span>
     <span class='ocr_line' id='line_1_20' title="bbox 119 2791 1225 2900; baseline 0.002 -29"><span class='ocrx_word' id='word_1_137' title='bbox 119 2795 217 2900; x_wconf 78' lang='lat' dir='ltr'>qufod</span> <span class='ocrx_word' id='word_1_138' title='bbox 248 2792 440 2883; x_wconf 82' lang='lat' dir='ltr'>vocabant,</span> <span class='ocrx_word' id='word_1_139' title='bbox 478 2791 628 2894; x_wconf 85' lang='lat' dir='ltr'>imperio</span> <span class='ocrx_word' id='word_1_140' title='bbox 658 2794 805 2896; x_wconf 88' lang='lat' dir='ltr'>longum</span> <span class='ocrx_word' id='word_1_141' title='bbox 834 2821 900 2896; x_wconf 92' lang='lat' dir='ltr'>per</span> <span class='ocrx_word' id='word_1_142' title='bbox 928 2805 1072 2899; x_wconf 87' lang='lat' dir='ltr'>tempus</span> <span class='ocrx_word' id='word_1_143' title='bbox 1108 2797 1225 2899; x_wconf 86' lang='lat' dir='ltr'>plebis</span> 
     </span>
     <span class='ocr_line' id='line_1_21' title="bbox 117 2916 1224 3030; baseline 0.003 -23"><span class='ocrx_word' id='word_1_144' title='bbox 117 2926 276 3008; x_wconf 83' lang='lat' dir='ltr'>sermoni</span> <span class='ocrx_word' id='word_1_145' title='bbox 307 2924 361 3026; x_wconf 87' lang='lat' dir='ltr'>sic</span> <span class='ocrx_word' id='word_1_146' title='bbox 391 2936 608 3018; x_wconf 89' lang='lat' dir='ltr'>nocuerunt,</span> <span class='ocrx_word' id='word_1_147' title='bbox 639 2937 681 3004; x_wconf 91' lang='lat' dir='ltr'>ut</span> <span class='ocrx_word' id='word_1_148' title='bbox 704 2916 832 3030; x_wconf 87' lang='lat' dir='ltr'>magis</span> <span class='ocrx_word' id='word_1_149' title='bbox 847 2927 1033 3030; x_wconf 85' lang='lat' dir='ltr'>magisque</span> <span class='ocrx_word' id='word_1_150' title='bbox 1064 2929 1224 3014; x_wconf 86' lang='lat' dir='ltr'>insititiis</span> 
     </span>
     <span class='ocr_line' id='line_1_22' title="bbox 116 3055 1225 3158; baseline 0.001 -19"><span class='ocrx_word' id='word_1_151' title='bbox 116 3059 265 3139; x_wconf 84' lang='lat' dir='ltr'>vocibus</span> <span class='ocrx_word' id='word_1_152' title='bbox 297 3055 566 3131; x_wconf 81' lang='lat' dir='ltr'>deformaretur.</span> <span class='ocrx_word' id='word_1_153' title='bbox 619 3057 695 3158; x_wconf 81' lang='lat' dir='ltr'>Sed</span> <span class='ocrx_word' id='word_1_154' title='bbox 725 3060 819 3134; x_wconf 91' lang='lat' dir='ltr'>euim</span> <span class='ocrx_word' id='word_1_155' title='bbox 848 3082 924 3134; x_wconf 89' lang='lat' dir='ltr'>uon</span> <span class='ocrx_word' id='word_1_156' title='bbox 951 3059 1080 3138; x_wconf 86' lang='lat' dir='ltr'>hostes</span> <span class='ocrx_word' id='word_1_157' title='bbox 1108 3063 1225 3140; x_wconf 87' lang='lat' dir='ltr'>solum</span> 
     </span>
     <span class='ocr_line' id='line_1_23' title="bbox 117 3165 1225 3293; baseline 0.004 -27"><span class='ocrx_word' id='word_1_158' title='bbox 117 3193 156 3266; x_wconf 88' lang='lat' dir='ltr'>iu</span> <span class='ocrx_word' id='word_1_159' title='bbox 187 3212 294 3264; x_wconf 87' lang='lat' dir='ltr'>causa</span> <span class='ocrx_word' id='word_1_160' title='bbox 325 3165 496 3278; x_wconf 81' lang='lat' dir='ltr'>fuerunt,</span> <span class='ocrx_word' id='word_1_161' title='bbox 521 3196 563 3261; x_wconf 94' lang='lat' dir='ltr'>ut</span> <span class='ocrx_word' id='word_1_162' title='bbox 590 3187 747 3291; x_wconf 83' lang='lat' dir='ltr'>uulgaris</span> <span class='ocrx_word' id='word_1_163' title='bbox 776 3190 867 3268; x_wconf 86' lang='lat' dir='ltr'>haec</span> <span class='ocrx_word' id='word_1_164' title='bbox 898 3189 1073 3293; x_wconf 80' lang='lat' dir='ltr'>graecitas</span> <span class='ocrx_word' id='word_1_165' title='bbox 1108 3191 1225 3282; x_wconf 89' lang='lat' dir='ltr'>labem</span> 
     </span>
     <span class='ocr_line' id='line_1_24' title="bbox 118 3317 1226 3426; baseline 0.004 -28"><span class='ocrx_word' id='word_1_166' title='bbox 118 3317 355 3409; x_wconf 88' lang='lat' dir='ltr'>contraheret,</span> <span class='ocrx_word' id='word_1_167' title='bbox 379 3343 503 3394; x_wconf 84' lang='lat' dir='ltr'>verum</span> <span class='ocrx_word' id='word_1_168' title='bbox 527 3318 579 3394; x_wconf 90' lang='lat' dir='ltr'>illi</span> <span class='ocrx_word' id='word_1_169' title='bbox 604 3347 749 3423; x_wconf 93' lang='lat' dir='ltr'>quoque</span> <span class='ocrx_word' id='word_1_170' title='bbox 763 3323 895 3426; x_wconf 89' lang='lat' dir='ltr'>populi,</span> <span class='ocrx_word' id='word_1_171' title='bbox 912 3326 975 3426; x_wconf 93' lang='lat' dir='ltr'>qui</span> <span class='ocrx_word' id='word_1_172' title='bbox 991 3336 1226 3402; x_wconf 84' lang='lat' dir='ltr'>mercaturam</span> 
     </span>
     <span class='ocr_line' id='line_1_25' title="bbox 117 3449 1226 3554; baseline 0.008 -27"><span class='ocrx_word' id='word_1_173' title='bbox 117 3451 289 3527; x_wconf 85' lang='lat' dir='ltr'>facientes</span> <span class='ocrx_word' id='word_1_174' title='bbox 316 3475 360 3554; x_wconf 83' lang='lat' dir='ltr'>ex</span> <span class='ocrx_word' id='word_1_175' title='bbox 390 3449 469 3526; x_wconf 91' lang='lat' dir='ltr'>aliis</span> <span class='ocrx_word' id='word_1_176' title='bbox 494 3452 699 3554; x_wconf 88' lang='lat' dir='ltr'>regionibus</span> <span class='ocrx_word' id='word_1_177' title='bbox 731 3456 959 3535; x_wconf 88' lang='lat' dir='ltr'>mercimonia</span> <span class='ocrx_word' id='word_1_178' title='bbox 990 3457 1036 3534; x_wconf 87' lang='lat' dir='ltr'>ad</span> <span class='ocrx_word' id='word_1_179' title='bbox 1065 3457 1226 3536; x_wconf 85' lang='lat' dir='ltr'>Graecos</span> 
     </span>
     <span class='ocr_line' id='line_1_26' title="bbox 117 3581 1228 3690; baseline 0.006 -33"><span class='ocrx_word' id='word_1_180' title='bbox 117 3582 355 3684; x_wconf 85' lang='lat' dir='ltr'>perferebant,</span> <span class='ocrx_word' id='word_1_181' title='bbox 379 3581 558 3682; x_wconf 88' lang='lat' dir='ltr'>plebejuru</span> <span class='ocrx_word' id='word_1_182' title='bbox 587 3584 759 3687; x_wconf 92' lang='lat' dir='ltr'>loquendi</span> <span class='ocrx_word' id='word_1_183' title='bbox 790 3612 903 3690; x_wconf 86' lang='lat' dir='ltr'>genus</span> <span class='ocrx_word' id='word_1_184' title='bbox 934 3586 1143 3688; x_wconf 86' lang='lat' dir='ltr'>inquinasse</span> <span class='ocrx_word' id='word_1_185' title='bbox 1175 3587 1228 3664; x_wconf 83' lang='lat' dir='ltr'>di-</span> 
     </span>
     <span class='ocr_line' id='line_1_27' title="bbox 118 3712 1227 3815; baseline 0.005 -25"><span class='ocrx_word' id='word_1_186' title='bbox 118 3712 224 3790; x_wconf 88' lang='lat' dir='ltr'>cendi</span> <span class='ocrx_word' id='word_1_187' title='bbox 249 3722 342 3790; x_wconf 88' lang='lat' dir='ltr'>sunt</span> <span class='ocrx_word' id='word_1_188' title='bbox 391 3713 558 3815; x_wconf 86' lang='lat' dir='ltr'>Namque</span> <span class='ocrx_word' id='word_1_189' title='bbox 583 3717 732 3796; x_wconf 83' lang='lat' dir='ltr'>vocibus</span> <span class='ocrx_word' id='word_1_190' title='bbox 756 3719 914 3812; x_wconf 86' lang='lat' dir='ltr'>Latinis,</span> <span class='ocrx_word' id='word_1_191' title='bbox 939 3719 1088 3808; x_wconf 82' lang='lat' dir='ltr'>Italicis,</span> <span class='ocrx_word' id='word_1_192' title='bbox 1119 3715 1227 3796; x_wconf 87' lang='lat' dir='ltr'>Galli·</span> 
     </span>
     <span class='ocr_line' id='line_1_28' title="bbox 120 3829 1227 3955; baseline 0.009 -35"><span class='ocrx_word' id='word_1_193' title='bbox 120 3845 192 3933; x_wconf 89' lang='lat' dir='ltr'>cis,</span> <span class='ocrx_word' id='word_1_194' title='bbox 215 3843 396 3936; x_wconf 89' lang='lat' dir='ltr'>Arabicis,</span> <span class='ocrx_word' id='word_1_195' title='bbox 422 3829 615 3938; x_wconf 69' lang='lat' dir='ltr'>Turcicis,</span> <span class='ocrx_word' id='word_1_196' title='bbox 632 3849 833 3930; x_wconf 83' lang='lat' dir='ltr'>Slaronicis</span> <span class='ocrx_word' id='word_1_197' title='bbox 866 3851 1017 3950; x_wconf 89' lang='lat' dir='ltr'>aliisque</span> <span class='ocrx_word' id='word_1_198' title='bbox 1048 3857 1125 3926; x_wconf 86' lang='lat' dir='ltr'>tum</span> <span class='ocrx_word' id='word_1_199' title='bbox 1154 3853 1227 3955; x_wconf 89' lang='lat' dir='ltr'>pri-</span> 
     </span>
    </p>
   </div>
   <div class='ocr_carea' id='block_1_5' title="bbox 118 3973 1374 4082">
    <p class='ocr_par' dir='ltr' id='par_1_5' title="bbox 118 3973 1374 4082">
     <span class='ocr_line' id='line_1_29' title="bbox 118 3973 1374 4082; baseline -0.002 -21"><span class='ocrx_word' id='word_1_200' title='bbox 118 4001 217 4052; x_wconf 82' lang='lat' dir='ltr'>mum</span> <span class='ocrx_word' id='word_1_201' title='bbox 241 3973 367 4074; x_wconf 82' lang='lat' dir='ltr'>populi</span> <span class='ocrx_word' id='word_1_202' title='bbox 390 4001 507 4052; x_wconf 89' lang='lat' dir='ltr'>sermo</span> <span class='ocrx_word' id='word_1_203' title='bbox 531 3989 696 4081; x_wconf 89' lang='lat' dir='ltr'>turpatus</span> <span class='ocrx_word' id='word_1_204' title='bbox 728 3992 766 4055; x_wconf 91' lang='lat' dir='ltr'>et</span> <span class='ocrx_word' id='word_1_205' title='bbox 791 3981 893 4082; x_wconf 90' lang='lat' dir='ltr'>quasi</span> <span class='ocrx_word' id='word_1_206' title='bbox 917 3980 1135 4062; x_wconf 88' lang='lat' dir='ltr'>adulteratus</span> <span class='ocrx_word' id='word_1_207' title='bbox 1161 3995 1226 4065; x_wconf 80' lang='lat' dir='ltr'>est.</span> <span class='ocrx_word' id='word_1_208' title='bbox 1272 4067 1277 4077; x_wconf 68' lang='grc'><strong>,</strong></span> <span class='ocrx_word' id='word_1_209' title='bbox 1373 3973 1374 3976; x_wconf 30' lang='grc'><em>“</em></span> 
     </span>
    </p>
   </div>
   <div class='ocr_carea' id='block_1_6' title="bbox 118 4105 1322 4354">
    <p class='ocr_par' dir='ltr' id='par_1_6' title="bbox 118 4105 1322 4354">
     <span class='ocr_line' id='line_1_30' title="bbox 118 4105 1322 4217; baseline -0.015 -33"><span class='ocrx_word' id='word_1_210' title='bbox 118 4108 281 4197; x_wconf 88' lang='lat' dir='ltr'>Primus,</span> <span class='ocrx_word' id='word_1_211' title='bbox 311 4105 412 4208; x_wconf 91' lang='lat' dir='ltr'>quod</span> <span class='ocrx_word' id='word_1_212' title='bbox 442 4107 567 4198; x_wconf 88' lang='lat' dir='ltr'>sciam,</span> <span class='ocrx_word' id='word_1_213' title='bbox 604 4112 668 4210; x_wconf 92' lang='lat' dir='ltr'>qui</span> <span class='ocrx_word' id='word_1_214' title='bbox 698 4111 834 4213; x_wconf 84' lang='lat' dir='ltr'>vulgari</span> <span class='ocrx_word' id='word_1_215' title='bbox 863 4112 982 4217; x_wconf 87' lang='lat' dir='ltr'>lingua</span> <span class='ocrx_word' id='word_1_216' title='bbox 1012 4115 1226 4216; x_wconf 64' lang='lat' dir='ltr'>inscriptis</span> <span class='ocrx_word' id='word_1_217' title='bbox 1318 4160 1322 4166; x_wconf 91' lang='lat'>.</span> 
     </span>
     <span class='ocr_line' id='line_1_31' title="bbox 120 4237 1226 4354; baseline 0.005 -36"><span class='ocrx_word' id='word_1_218' title='bbox 120 4267 210 4320; x_wconf 89' lang='lat' dir='ltr'>usus</span> <span class='ocrx_word' id='word_1_219' title='bbox 236 4248 309 4332; x_wconf 89' lang='lat' dir='ltr'>est,</span> <span class='ocrx_word' id='word_1_220' title='bbox 333 4238 400 4318; x_wconf 89' lang='lat' dir='ltr'>fuit</span> <span class='ocrx_word' id='word_1_221' title='bbox 431 4237 645 4320; x_wconf 83' lang='lat' dir='ltr'>Theodorus</span> <span class='ocrx_word' id='word_1_222' title='bbox 676 4243 912 4342; x_wconf 85' lang='lat' dir='ltr'>Prodromus,</span> <span class='ocrx_word' id='word_1_223' title='bbox 943 4273 1051 4349; x_wconf 89' lang='lat' dir='ltr'>quem</span> <span class='ocrx_word' id='word_1_224' title='bbox 1081 4247 1226 4354; x_wconf 89' lang='lat' dir='ltr'>saepius</span> 
     </span>
    </p>
   </div>
   <div class='ocr_carea' id='block_1_7' title="bbox 0 0 1479 4914">
    <p class='ocr_par' dir='ltr' id='par_1_7' title="bbox 0 0 1479 4914">
     <span class='ocr_line' id='line_1_32' title="bbox 0 0 1479 4914; baseline 0 0"><span class='ocrx_word' id='word_1_225' title='bbox 0 0 1479 4914; x_wconf 95' lang='lat' dir='ltr'> </span> 
     </span>
    </p>
   </div>
  </div>
 </body>
</html>
