2860 4870
259 340 330 415 156

258 534 474 606 subaudienda
499 545 548 598 est
571 533 606 596 ln
629 525 714 603 βέλω
736 521 844 614 γράφῃ
858 532 908 597 vcl
931 527 1016 603 ἓέλω
1039 524 1151 614 γράψῃ
1171 545 1207 598 et
1231 537 1274 601 in
1291 534 1370 609 &din

258 657 408 742 ypcqrqi.
454 658 582 744 Quippe
609 673 773 738 nunquam
801 658 837 720 in
867 659 1045 720 recentium
1074 657 1283 724 Graecorum
1312 687 1368 728 ser-

258 803 355 850 mone
378 781 615 865 conjunctivus,
638 783 705 844 uisi
727 771 938 867 praqccdentc
960 781 1120 866 particula
1143 782 1258 863 aliqua
1283 807 1364 850 usur.
1415 791 1416 832 t

259 917 371 994 patur,
399 923 480 985 quac
509 901 564 968 hic
591 904 757 966 brevitatis
785 921 882 966 causa
904 906 1134 989 praetermissa
1156 919 1215 968 cst.
1264 910 1360 972 Porro
1415 943 1416 956 κ

260 1026 355 1094 lacile
391 1025 595 1107 intelligitur,
630 1025 836 1107 Conjunctiui
869 1016 992 1104 γράφῃ,
1022 1001 1141 1108 ¹ppo'apq
1168 1039 1200 1090 at
1232 1033 1366 1113 γραφβῇ
1415 989 1416 1064 l

258 1161 332 1236 post
354 1141 440 1217 θέλω
462 1146 595 1208 eandem
619 1166 688 1208 esse
711 1147 887 1224 notionem,
911 1165 1006 1226 qnam
1029 1149 1064 1210 in
1089 1151 1366 1236 Plusqnamperde-

258 1282 310 1334 oto
332 1279 405 1356 post
427 1255 500 1339 εἷκα
523 1268 555 1329 ei
576 1267 813 1330 attribuendam
835 1288 905 1332 esse
928 1269 1075 1362 vidimus.
1129 1273 1247 1358 Nempe
1273 1273 1364 1338 Cou-

254 1393 419 1484 J'unctivus
442 1391 478 1454 in
500 1388 551 1453 bis
564 1375 721 1454 'omnibus
743 1387 894 1470 loquendi
915 1393 1018 1456 modis
1041 1393 1201 1458 infinitivi
1223 1397 1291 1459 vim
1313 1397 1365 1460 ba·

260 1519 324 1596 bct,
352 1526 464 1596 atquc,
491 1525 528 1576 ut
550 1499 625 1586 εἷχα
653 1501 765 1592 γράψῃ
783 1513 869 1576 idem
891 1535 962 1576 esse
984 1518 1275 1603 demonstravimus
1302 1543 1357 1584 cun

261 1625 336 1712 εἷχα
357 1628 499 1720 γράψω,
522 1636 570 1698 ita
591 1628 677 1706 seito
698 1625 824 1716 γράφῃ,
854 1629 940 1705 θέλω
962 1628 1089 1722 γράψῃ,
1118 1634 1203 1711 θέλω
1232 1642 1363 1724 yprae,

262 1763 347 1826 idem
368 1772 418 1825 est
441 1779 512 1822 cum
534 1751 621 1827 ἓὲλω
642 1747 788 1839 γράφειν,
812 1751 897 1828 θέλω
920 1753 1056 1841 γράψαι,
1078 1758 1163 1834 salto>
1178 1765 1366 1844 γραφβῆυαι

262 1885 314 1950 vel
335 1884 444 1948 dorice
465 1879 633 1963 γραφβῆν.
678 1881 776 1945 Falsa
805 1894 912 1945 autam
941 1886 1101 1971 scriptura
1128 1880 1213 1955 &dico
1242 1879 1371 1969 γράφω,

263 1996 383 2089 γράψει
406 2017 439 2070 ct
460 1998 610 2086 γραῴθῆ,
632 2018 715 2086 'quae
732 2006 818 2068 inter
832 2005 1065 2070 Grammaticos
1082 2007 1260 2091 liutsindae,
1283 2013 1374 2074 Dau-

265 2132 347 2208 vari,
370 2129 490 2192 Davidi
519 2127 654 2208 aliisque
678 2127 800 2214 placet,
829 2129 950 2209 effecit,
977 2143 1011 2192 ut
1038 2130 1142 2207 multi,
1171 2132 1261 2194 inter
1290 2155 1375 2214 qnos

264 2251 385 2314 Coraes
408 2251 484 2327 tuit,
508 2249 617 2314 addito
639 2271 660 2307 u
681 2250 887 2316 Infinitivum
915 2254 1238 2330 comminiscerentur,
1270 2275 1377 2334 qnam

263 2391 331 2437 non
350 2371 487 2454 quidem
515 2372 676 2458 vitupero,
707 2375 762 2436 ubi
791 2375 967 2461 praesentis
989 2383 1051 2451 cst,
1073 2372 1127 2432 sed
1148 2372 1274 2450 qnando
1299 2393 1376 2457 pro

264 2489 349 2567 &dim
371 2486 484 2576 γράψῃ
508 2513 576 2558 non
599 2487 695 2565 θέλω,
711 2485 854 2577 γράψαι,
884 2498 941 2561 sed
968 2489 1051 2566 etta
1076 2480 1210 2575 γράψειν
1238 2493 1373 2576 dicunt,

263 2619 328 2684 hoc
355 2619 506 2700 loquendi
535 2637 636 2702 genus
664 2630 701 2683 ut
727 2621 885 2683 sermonis
913 2621 1026 2682 vitium
1055 2606 1262 2704 reprehendo.
1311 2615 1368 2679 ‘Si-

263 2742 390 2826 quidem
412 2754 480 2804 tum
507 2759 574 2805 non
596 2743 691 2806 modo
717 2741 850 2822 linguae
870 2741 1041 2803 citerioris
1069 2740 1223 2822 analogia
1250 2739 1366 2804 deseri-

263 2882 327 2948 tur,
349 2865 405 2929 sed
428 2866 531 2927 oratio
555 2878 664 2952 aparte
685 2862 837 2925 mendosa
865 2871 914 2922 est
936 2873 970 2922 ct
997 2871 1143 2922 monstra
1172 2862 1367 2924 inducuntur

187 3019 190 3024 Δ
263 2990 299 3050 in
326 3008 521 3066 sermonem,
550 2988 638 3052 velut
665 2980 750 3062 βέλω
777 2973 901 3064 boltiaco,
932 2975 1019 3053 ndito>
1047 2971 1148 3062 edqsev
1171 2995 1213 3057 et,
1228 2986 1365 3064 antiquis

264 3111 377 3194 ignota
398 3123 431 3173 et
452 3112 557 3174 nostri
580 3113 650 3176 aevi
672 3110 877 3197 peritioribus
902 3107 1034 3170 Graccis
1049 3107 1190 3188 ingrata,
1214 3109 1244 3169 si
1260 3129 1282 3170 a
1297 3109 1364 3170 duo·

264 3231 322 3294 bus
345 3232 413 3294 illis
436 3235 541 3295 verbis
564 3225 649 3302 &ditm
672 3228 749 3292 ἰδεῖν
770 3243 803 3296 et
826 3225 911 3302 &diuo
935 3229 1029 3291 εἰπεῖν
1057 3231 1259 3310 discesseris,
1292 3249 1363 3311 quae

265 3333 304 3414 ob
326 3353 546 3429 mutationem,
570 3372 651 3432 quae
673 3354 743 3416 illis
772 3357 926 3439 contigit,
955 3365 1070 3439 sponte
1098 3355 1133 3413 iu
1162 3363 1271 3414 rectae
1299 3355 1363 3415 viae

264 3476 402 3560 vestigia
424 3473 552 3536 ducunt.
575 3473 761 3556 Praeterea,
785 3497 880 3558 quum
896 3495 1000 3562 (supra
1021 3475 1204 3553 viderimus,
1229 3463 1271 3534 vd
1294 3462 1365 3556 γρά-

264 3623 325 3680 φῃ,
353 3586 465 3679 γράψῃ
491 3608 524 3661 ct
551 3593 687 3680 γραφῇῇ
713 3598 972 3686 impersonaliter
1002 3597 1190 3682 accipienda
1213 3619 1303 3672 esse,
1325 3599 1367 3659 ita

264 3734 299 3786 ut
319 3722 461 3808 procliva
484 3721 527 3784 sit
548 3722 725 3800 intellectu,
748 3721 904 3801 quomodo
928 3719 1009 3800 haec
1031 3741 1098 3805 pro
1119 3702 1295 3784 infinitivis
1318 3721 1366 3784 ad-

265 3844 370 3906 hiberi
392 3857 522 3926 queant,
546 3844 630 3908 nihil
651 3854 807 3928 superest,
831 3843 896 3904 nisi
918 3853 954 3904 ut
976 3843 1131 3906 addamus
1160 3864 1293 3907 causam
1324 3855 1367 3904 ra-

264 3965 464 4046 tionemque,
487 3988 543 4031 cur
565 3969 613 4031 sio
635 3937 808 4048 loquantur
838 3963 963 4029 Graeci.
1016 3967 1068 4032 Ex
1095 3987 1157 4048 quo
1186 3967 1370 4029 Infinitivus

1418 4035 1419 4064 i

264 4087 413 4169 usurpari
435 4087 556 4154 desitus
578 4103 638 4175 cst,
661 4108 791 4158 neccsse
814 4089 947 4174 luit,ea
970 4089 1177 4177 conjunctivi
1199 4088 1251 4153 vol
1266 4111 1370 4176 praes.
1418 4179 1419 4186 ρ
