2908 4914
261 261 371 314 xxm

1423 351 1424 396 l

263 430 392 504 alalsis
406 426 661 513 discernantur,
673 423 744 524 legi
756 428 909 522 oportet
939 416 1051 518 Quod
1065 409 1097 492 si
1115 415 1276 508 iacimus,
1301 422 1371 496 mi·
1423 427 1424 520 l

264 587 340 636 rum
367 569 538 659 quantum
563 555 647 628 inde
665 554 879 654 proficimus.
927 549 987 625 Ad
1007 575 1113 650 quam
1129 573 1204 622 rem
1230 555 1372 650 praeci-

263 683 718 793 puevulgarisGraecbrum
735 685 874 782 linguae
890 681 1017 783 peritia
1029 705 1119 782 opus
1130 690 1196 756 est.
1213 679 1297 779 Qua
1305 687 1372 782 qui

264 823 391 924 pollet,
422 821 453 894 is
484 817 582 892 nubo
607 819 751 917 negotio
784 815 852 889 hos
884 811 1157 888 commentarios
1181 813 1370 912 pervolvit.

409 951 522 1025 Porro
547 947 718 1022 historiae
741 946 956 1054 Byzantinae
981 945 1192 1044 scriptores,
1216 971 1370 1043 quorum

265 1085 323 1160 alii
359 1081 502 1170 melius,
547 1078 605 1152 alii
642 1076 799 1151 deterius
838 1077 1075 1176 scripserunt,
1119 1075 1244 1150 referti
1282 1089 1370 1172 suut

264 1213 453 1315 phrasibus
484 1210 705 1307 vocibusque
737 1206 893 1306 vulgaris
930 1207 1150 1282 Graecorum
1180 1203 1371 1298 sermonis,

265 1372 355 1446 quas
385 1342 443 1420 vel
475 1341 606 1416 frustra
637 1338 675 1412 in
704 1337 827 1413 lexicis
860 1364 1011 1438 quaeras
1040 1336 1098 1414 vel
1122 1336 1160 1410 in
1185 1336 1366 1438 glossariis

267 1475 402 1550 mediae
441 1471 640 1574 graecitatis
684 1469 891 1569 frequenter
932 1468 1023 1543 salso
1068 1467 1197 1566 exponi
1234 1467 1362 1545 videas.

267 1607 424 1681 Proinde
441 1601 692 1676 eruditissimis
718 1603 824 1674 etiam
848 1599 934 1679 viris
960 1597 1098 1688 accidit,
1123 1607 1164 1672 ut
1189 1597 1258 1675 hos
1284 1602 1367 1676 scri-

266 1747 389 1835 ptores
406 1735 497 1806 male
515 1733 844 1830 interpretarentur.
889 1727 1009 1829 Quem
1024 1756 1111 1808 vero
1126 1728 1228 1830 sugit,
1246 1732 1368 1831 qumnti

267 1866 374 1969 pietii
403 1864 476 1938 sint
507 1862 565 1936 illa
594 1862 764 1938 historiae
779 1861 1015 1962 Byzantinae
1045 1873 1288 1952 monumenta,
1323 1887 1367 1936 ex

268 1998 397 2095 quibus
428 1993 617 2068 multarum
648 1995 807 2090 gentium
837 1994 937 2092 origo
972 2001 1010 2066 et
1040 1992 1189 2068 historia
1219 1993 1367 2068 discitur

267 2125 469 2224 multaeque
495 2147 553 2195 res
577 2121 695 2196 medio
720 2147 808 2204 aevo
835 2133 972 2220 gestae,
998 2150 1089 2222 quae
1111 2125 1182 2210 nisi
1210 2122 1266 2196 hic
1290 2147 1362 2194 me-

204 2317 208 2322 .
268 2262 500 2342 morarentur,
526 2261 697 2351 perpetua
723 2251 899 2329 oblivione
933 2225 1071 2330 deletae
1104 2264 1236 2332 essent.
1286 2251 1363 2328 Ma-

269 2389 362 2464 xime
387 2383 481 2458 cuim
506 2383 590 2456 inde
616 2383 863 2482 cognoscimus
890 2384 1154 2462 Cruciferorum
1185 2387 1286 2476 bella,
1316 2384 1369 2458 lri-
1428 2440 1429 2486 ,

270 2519 416 2595 storiam
447 2513 729 2590 meridionalium
758 2516 926 2618 Europae
956 2517 1184 2623 populorum,
1213 2517 1373 2616 denique

268 2653 486 2735 Russorum,
511 2647 813 2721 Ottomannorum
845 2659 954 2748 atque
985 2677 1108 2723 eorum
1148 2650 1377 2748 populorum,

270 2782 333 2880 qui
346 2775 513 2852 Danubio
530 2785 568 2847 et
583 2775 701 2849 Ponto
722 2777 864 2853 Euxino
883 2779 1038 2853 confines
1048 2784 1157 2862 sunt,
1183 2776 1377 2870 originem.

268 2910 366 2981 Ilaec
392 2906 556 2980 universa
587 2905 737 2982 existis
767 2908 925 2990 sontibus
957 2907 991 2978 ei
1014 2902 1154 2976 haurire
1185 2901 1278 2994 licet,
1296 2908 1377 3004 'qui

267 3036 448 3138 popularis
472 3035 612 3135 linguae
638 3065 785 3138 graecae
808 3038 934 3114 notitia
957 3045 1187 3135 praeparatus
1220 3035 1376 3112 accedit.

267 3168 454 3264 Siquidem
478 3167 536 3241 hic
562 3169 913 3268 interpretationibus
938 3165 1073 3257 latinis,
1106 3195 1197 3268 quae
1227 3167 1373 3244 mendis

268 3304 423 3382 scatent,
447 3319 521 3367 non
546 3298 664 3394 egebit
696 3281 812 3396 atque·
835 3297 966 3397 ubique
996 3296 1124 3370 horum
1154 3299 1373 3394 scriptorum

268 3449 414 3500 sensum
439 3422 517 3498 sine
541 3424 737 3522 interprete
766 3438 988 3526 assequetur.
1043 3426 1244 3502 Caeterum*
1260 3451 1372 3524 quam

179 3597 183 3608 ·
268 3557 372 3660 pauci
396 3555 483 3643 sint,
508 3551 570 3650 qui
595 3551 641 3624 de
670 3555 727 3628 his
757 3583 875 3631 rerum
907 3557 1180 3658 Byzantinarum
1211 3583 1371 3659 pronun·

267 3683 453 3766 'datoribus
483 3684 575 3757 bene
605 3686 812 3774 meruerint,
845 3696 931 3761 nota
961 3715 1020 3765 res
1053 3699 1118 3765 est.

411 3817 600 3892 Praeterea
614 3813 784 3890 ecclesiae
797 3842 943 3918 graecae
950 3821 1089 3912 Patres,
1102 3847 1253 3921 quorum
1265 3820 1368 3894 multi

267 3971 402 4021 summa
411 3947 612 4045 eloquentia
625 3947 782 4049 insignes
791 3948 944 4042 suerunt,
953 3979 1071 4053 neque
1083 3954 1201 4028 minus
1212 3953 1366 4051 ingenio,

268 4101 374 4176 quam
386 4085 482 4149 tersa
500 4081 658 4152 oratione
675 4081 938 4181 praestiterunt,
950 4085 1122 4160 vocabula
1134 4073 1254 4158 tamen
1267 4051 1365 4158 litui·-

269 4209 345 4306 gica
357 4206 514 4304 aliasque
528 4205 725 4288 locutiones
740 4223 920 4314 usmpant,
940 4225 1034 4316 quae
1046 4226 1119 4292 uta
1137 4225 1298 4292 veterum
1312 4214 1364 4288 di-
