2870 4874
51 397 57 406 ,
103 327 249 392 Primum
273 327 387 409 tonuit,
409 335 504 410 atquc
527 323 616 390 illico
640 325 761 394 coelum
783 340 898 411 movet,
1022 315 1024 322 ’

73 524 80 536 ,
101 457 229 523 Deinde
252 470 284 523 ct
307 458 429 524 fulmen
451 466 572 521 terram
594 459 778 524 tremefacit.

100 585 169 653 Sed
191 609 233 653 nc
257 588 456 672 sicquidem
478 586 669 651 destiterunt
688 607 795 656 mures
817 610 839 657 a
859 591 1003 672 victoria,

99 721 157 784 sed
180 721 301 806 potius,
324 729 361 782 ut
383 716 555 804 dispellunt
577 737 651 782 oves
671 718 751 806 lupi,

99 850 152 913 sic
174 849 239 935 ipsi
260 848 492 935 dissipaverunt
513 847 683 914 bellicosas
702 833 825 934 'ranan‘

102 979 227 1042 Multae
249 979 431 1042 ceciderunt
452 979 488 1042 in
509 997 635 1061 aquam,
657 990 691 1071 ct
712 999 749 1044 se
770 979 806 1043 in
829 980 933 1044 fossas
954 981 1112 1048 abdidere.

98 1108 220 1173 Omnes
242 1111 310 1174 fere
330 1109 406 1175 illas
422 1105 640 1194 jugulassem,
663 1109 729 1174 nisi
751 1128 862 1174 rursus
885 1109 1031 1198 Iuppiter

96 1259 191 1325 opem
211 1241 291 1326 ipsis
313 1241 456 1306 misisset
476 1251 508 1304 et
528 1241 706 1308 subsidium
728 1261 854 1306 novum.

96 1369 208 1434 Genus
222 1370 382 1453 quoddam
396 1379 526 1455 repente
540 1371 698 1452 submisit,
708 1389 827 1454 magno
840 1389 911 1436 cum
921 1372 1201 1460 testudinatam)-

95 1499 201 1564 Rctro
223 1501 261 1564 in
282 1498 426 1564 humeris
447 1499 516 1564 suis
538 1497 702 1564 babcbant
724 1510 828 1587 caput.

93 1629 264 1695 Habebunt
286 1629 396 1696 oculos
417 1651 493 1704 suos
516 1631 552 1694 in
573 1630 766 1717 pectoribus,
790 1630 903 1713 quibus
925 1633 1108 1717 cernebant,

94 1773 229 1826 octonos
251 1762 347 1848 pedes
370 1760 541 1842 habebant,
565 1760 691 1844 oblique
712 1762 912 1826 incedebant.

93 1891 201 1956 Erant
222 1903 256 1954 et
277 1889 434 1954 forficulis
455 1892 492 1954 in
514 1911 570 1953 ora
591 1891 751 1972 instructi,
774 1892 855 1955 dura
877 1911 1011 1978 corpora
1031 1892 1202 1978 habebant,

96 2039 194 2102 quum
216 2021 278 2084 toti
300 2031 407 2086 essent
430 2021 524 2100 ossei,
547 2040 586 2084 ao
608 2021 739 2084 minime
763 2040 875 2086 carnes
897 2007 1061 2089 baberent
1124 2017 1125 2022 ’

92 2151 265 2216 Habebunt
287 2151 416 2215 dorsum
438 2152 610 2216 rotundum
632 2119 835 2238 splendentes
858 2153 894 2217 in
916 2151 1065 2222 humeris

92 2281 229 2366 Ungues
250 2285 404 2368 gerebant
426 2295 548 2362 acutos,
570 2277 656 2349 sicut
677 2295 794 2368 gemant
815 2283 904 2349 icles.

93 2413 197 2478 Erant
218 2425 251 2478 et
272 2414 431 2498 bicipites,
454 2433 493 2477 ac
515 2415 586 2508 aine
608 2415 756 2477 manibus
777 2426 884 2490 erant,
1003 2493 1007 2506 .

95 2563 156 2605 ora
178 2541 310 2604 illorum
332 2539 531 2617 scindebant,
553 2541 637 2602 sicut
657 2540 808 2602 scindunt
829 2539 940 2620 gladii.

94 2669 233 2736 Humeri
254 2688 364 2767 eorum
385 2667 605 2754 splendebant,
629 2679 782 2750 tanquam
804 2668 928 2749 ferrati,

96 2800 221 2864 eminus
243 2802 450 2887 apparebant,
474 2799 564 2881 quasi
586 2809 695 2863 essent
717 2799 844 2864 armati.

94 2929 190 2994 Hunc
210 2930 251 2994 ad
273 2931 400 3014 modum
422 2931 618 2994 monstruosi
641 2939 858 3016 apparuerunt
880 2928 941 3011 illi,

95 3061 150 3142 qui
171 3063 381 3125 nominantur
403 3071 436 3122 et
457 3061 607 3122 dicuntur
628 3061 747 3123 cancri.

93 3191 243 3256 Muribus
265 3188 301 3253 bi
324 3199 491 3276 amputant
512 3153 685 3254 caudaset
705 3189 814 3276 pedes,

95 3322 303 3408 amputabant
324 3332 357 3384 et
379 3340 493 3387 manus
515 3339 635 3402 eorum,
658 3322 742 3386 undo
764 3320 954 3386 excidebant
976 3319 1100 3389 hastae.

93 3451 217 3516 Motum
238 3471 391 3536 magnum
413 3471 587 3538 concepere
610 3473 726 3535 mures,
749 3464 781 3517 ct
801 3433 963 3536 fugerunt,

95 3583 232 3669 amplius
255 3602 322 3645 non
344 3583 526 3660 manebant,
548 3582 605 3644 sed
626 3583 775 3667 dissipati
797 3584 936 3668 abibant.

94 3713 187 3776 Tune
208 3713 305 3778 etiam
328 3709 391 3776 Sol
413 3711 530 3776 occidit
551 3721 585 3774 et
605 3712 733 3776 abditus
755 3721 815 3787 est,

94 3855 190 3924 atque
216 3859 280 3905 uno
302 3841 354 3905 die
375 3841 493 3906 bellum
516 3840 612 3905 desiit
633 3851 666 3904 et
687 3841 858 3902 diremtum
880 3845 938 3899 est.

443 4115 446 4127 '
479 4111 820 4144 *-
