2908 4914
1143 237 1215 289 XXV

111 435 190 484 rom
213 407 385 510 loquendi
410 403 705 484 consuetudinem
723 405 899 508 cognitam
918 404 1048 484 habeat
1065 399 1216 484 necesse

26 601 31 610 .
112 552 187 634 est,
225 543 288 644 qni
318 541 499 616 difficilem
528 537 621 612 hanc
650 538 848 628 materiam,
878 541 980 638 cujus
1010 539 1156 614 memini
1180 539 1218 614 iu

111 673 352 749 Commentar.
378 672 423 748 atl
448 697 541 749 vers.
566 671 624 759 65,
650 681 748 744 recte
770 679 924 746 tractare
948 670 1035 750 vult.
1084 672 1216 774 Neque

108 804 230 879 minus
254 804 327 877 huc
349 807 531 905 pertinent
554 801 760 902 synizeseos
784 801 900 935 leges,
932 801 978 876 de
1003 803 1133 903 quibus
1159 804 1217 904 egi

13 1029 14 1034 Ἰ
110 935 149 1007 in
176 933 413 1010 Commentar.
438 933 484 1008 ad
507 933 652 1036 Dialogi
676 959 770 1011 vers.
798 937 827 1006 1.
882 931 1005 1032 Quid?
1042 934 1140 1033 quod
1164 961 1218 1010 ar-

109 1067 260 1140 tificiosa
284 1067 474 1142 verborum
499 1092 707 1168 compages,
731 1065 778 1140 de
804 1089 875 1165 qua
899 1063 1132 1140 Grammatici
1154 1091 1219 1140 no·

109 1197 177 1272 stri
201 1198 396 1274 identidem
429 1199 669 1299 scripserunt,
701 1195 778 1274 sola
809 1196 1027 1272 Graecorum
1060 1223 1218 1298 pronun·

109 1329 260 1403 tiatione
291 1357 487 1432 eorumque
517 1330 679 1432 plebeiae
709 1328 851 1430 linguae
882 1329 1087 1430 cognitione
1118 1340 1216 1406 recte

109 1459 432 1537 animadvertitur(
462 1461 563 1562 Quid
593 1463 686 1534 enim
712 1460 806 1534 aliud
836 1469 894 1536 est
918 1460 1112 1558 τύπτομαι
1141 1463 1218 1562 (ty-

108 1595 273 1692 ptomae)
294 1619 400 1694 qnam
417 1592 546 1670 τύπτω
557 1623 621 1691 με,
641 1587 827 1666 τύπτεσαι
839 1594 1034 1691 (typtesae,
1052 1591 1096 1664 cl.
1111 1590 1218 1665 Com-

108 1733 219 1798 ment.
249 1724 295 1800 ad
322 1753 355 1804 v.
381 1729 450 1822 35)
482 1750 588 1827 quam
618 1721 769 1812 τύπτεις
794 1751 849 1813 σε,
875 1719 1054 1798 mmmmm
1079 1725 1218 1822 (lypto-

108 1857 189 1950 tae)
216 1883 323 1955 quam
347 1855 595 1950 rdrrre-c-(r)
621 1852 650 1946 ἓ,
677 1856 843 1954 quoniam
869 1885 909 1930 αι
934 1863 972 1928 et
996 1885 1012 1928 r
1036 1853 1132 1954 apud
1157 1881 1218 1926 an.

110 1986 252 2082 tiquam
280 1987 366 2059 licet
397 1996 599 2085 temporum
627 1994 807 2057 momenta
840 1984 1032 2072 distarent,
1063 1983 1217 2058 eundem

111 2122 231 2186 tamen
248 2140 374 2190 sonum
392 2117 549 2192 nativum
567 2115 754 2190 habebant
802 2113 896 2189 Hinc
913 2124 1021 2215 patet,
1043 2114 1218 2215 antiquis·

109 2243 239 2318 simum
269 2246 488 2324 Graecorum
513 2250 695 2351 passivum
725 2246 888 2350 periisse,
923 2273 991 2322 nec
1021 2272 1216 2349 superesse

108 2377 188 2475 ejus
206 2377 391 2481 reliquias,
408 2382 480 2457 nisi
503 2382 675 2458 aoristom
700 2390 738 2456 et
753 2380 921 2470 luterum,
939 2389 1080 2454 caetera
1099 2381 1216 2454 omnia
1331 2407 1335 2412 ·

108 2518 272 2610 tempora
296 2512 343 2585 ad
365 2514 521 2588 medium
546 2514 738 2612 pertinere,
764 2509 863 2609 quod
891 2509 929 2582 in
953 2514 1153 2609 praesentis
1180 2523 1217 2587 et

62 2736 76 2760 ι
110 2639 295 2736 praeteriti
311 2642 485 2738 temporis
502 2642 625 2712 formis
644 2649 794 2736 excepto
812 2639 945 2710 aoristo
962 2649 1105 2736 praeter
1116 2667 1217 2714 suam

112 2768 246 2866 passivi
265 2794 410 2868 quoqne
427 2769 604 2870 deperditi
623 2767 918 2870 significationem
936 2767 1083 2868 accepit
1105 2769 1217 2873 Quod

109 2925 196 2975 vero
222 2899 267 2974 ad
291 2900 447 2975 sutorum
472 2901 655 3004 passivum
681 2902 817 2993 attinet,
842 2901 927 2975 illud
950 2899 1137 2978 manifesta
1155 2931 1217 3006 pe·

109 3032 263 3132 riplrrasi
288 3031 479 3108 conflatum
505 3044 562 3108 est
587 3056 631 3108 ex
654 3035 699 3109 iis
718 3033 890 3134 partibus,
916 3059 1007 3134 quas
1025 3037 1216 3136 separatim

110 3189 177 3237 suo
202 3190 302 3238 more
327 3175 490 3240 recentes
514 3165 644 3240 Graeci
668 3164 829 3240 efferunt.
874 3163 1022 3239 Etenim
1038 3166 1217 3271 poemia}-

112 3323 233 3392 σομαι
248 3295 336 3369 nihil
353 3308 419 3387 est,
436 3297 506 3374 nisi
520 3300 683 3402 γραφὲνῇ
701 3293 851 3396 ἔσομαι,
864 3297 960 3395 quod
977 3323 1073 3372 nunc
1086 3297 1215 3374 Graeci

111 3453 156 3500 ex
181 3427 355 3506 citerioris
385 3430 527 3532 linguae
558 3429 718 3533 analogia
750 3429 953 3531 exprimunt
982 3428 1087 3512 delto
1122 3463 1216 3534 ppm

109 3561 217 3660 φθῇ,
252 3561 298 3636 de
337 3589 409 3663 qua
440 3563 753 3639 circumlocutione
784 3562 931 3664 copiose
961 3561 1143 3660 disputavi
1178 3561 1216 3632 in

111 3691 311 3770 Commeat.
336 3695 382 3769 ad
406 3722 499 3773 vers.
524 3699 605 3771 468.
653 3694 825 3794 Denique
847 3691 936 3766 nihil
961 3689 1152 3790 jucundius
1175 3717 1217 3765 ac

110 3823 329 3902 fructuosius
361 3839 432 3918 est,
470 3853 576 3929 qnam
614 3826 780 3928 syntaxin
816 3823 1006 3919 utriusque
1040 3822 1246 3898 sermonis

112 3953 232 4056 graeci
263 3958 440 4049 conterre,
476 3985 584 4061 porro
621 3959 801 4044 variorum
838 3951 1010 4051 loquendi
1046 3981 1217 4056 generum

31 4119 42 4155 r
113 4084 349 4161 differentiam
374 4100 515 4180 notare,
546 4113 744 4190 synonyma
774 4083 906 4162 veteris
937 4084 1078 4188 linguae
1108 4088 1217 4162 verba

7 4199 9 4208 ¹
113 4244 195 4294 cnm
224 4229 429 4298 nostrorum
459 4229 661 4320 temporum
693 4245 762 4296 usu
792 4217 1008 4296 contendere
1038 4228 1146 4319 atque
1177 4245 1218 4292 ea
