2860 4870
229 253 299 326 152

232 453 322 542 plum
344 473 385 516 ex
406 453 476 532 ejus
497 450 627 536 scriptis
650 453 821 537 proteram,
846 452 881 513 in
898 453 1029 531 ΙΙρολε-γ.
1053 445 1095 518 εἰς
1119 447 1248 512 'Arnum
1276 461 1354 534 Τομ.

235 569 262 636 δ’
285 577 350 635 orit.
374 565 395 631 ε’
421 592 496 652 unp.
520 571 551 634 2.
576 561 651 647 εἶχα
670 565 838 655 procopium
864 593 925 659 pro
948 573 1073 656 vulgari
1093 560 1172 645 siga
1197 569 1353 656 pompinat

234 698 374 784 scripsit,
398 669 433 758 in
459 714 531 777 quo,
554 707 590 758 ut
612 695 729 759 leniter
746 696 905 780 judicem,
928 697 979 760 vir
1000 695 1198 758 immortalis
1228 717 1252 758 a
1278 721 1350 762 vere

237 820 406 883 aberravit.
451 817 537 900 Napr
560 819 716 916 prolecto,¹
734 820 763 880 si
778 817 1120 904 plusquamperfectum
1137 819 1347 899 antiquorum

238 944 274 1006 in
296 943 477 1006 citeriorem
500 942 708 1022 graecitatem
731 941 990 1002 transferendum
1012 953 1071 1020 est,
1095 939 1281 1005 infinitivus
1307 947 1351 1006 su

238 1066 304 1126 turi
325 1070 399 1148 post
420 1049 493 1134 εἷχα
506 1029 563 1124 'ita
586 1062 711 1124 alienus
733 1081 753 1124 a
775 1059 937 1124 sententia
960 1073 1020 1140 est,
1044 1072 1080 1123 ut
1095 1063 1132 1124 in
1146 1062 1353 1128 soloecismis

239 1182 454 1246 numerandus
476 1184 529 1244 sit.
576 1181 700 1258 Quodsi
722 1183 792 1263 quis
815 1183 851 1246 in
871 1183 990 1262 verbis,
1014 1201 1096 1264 quae
1118 1181 1159 1260 τῷ
1176 1203 1195 1242 o
1217 1199 1349 1266 carent,

232 1304 328 1371 uelut
348 1294 503 1382 tappetem
525 1324 586 1390 pro
609 1291 684 1376 εἷχα
705 1295 797 1382 luillae
818 1323 977 1390 ceperam
1007 1306 1116 1368 addito
1143 1327 1164 1364 ν
1191 1293 1268 1379 sitnon
1298 1298 1351 1367 iul.

243 1434 310 1505 βειν
337 1427 452 1504 utitur,
482 1445 585 1506 neque
612 1427 763 1508 antiquae
785 1447 887 1507 neque
909 1429 1100 1490 recentioris
1120 1428 1256 1511 linguae
1272 1430 1348 1514 legi-

243 1551 301 1613 bus
323 1549 559 1612 accommodate
581 1549 731 1631 loquitur,
755 1569 849 1632 quam
865 1551 1007 1635 ineptam
1023 1551 1174 1633 loquendi
1190 1555 1350 1616 rationem

245 1674 326 1734 mire
349 1691 436 1733 nunc
457 1673 642 1752 quibusdam
664 1671 792 1756 placere
816 1672 938 1734 affatim
961 1687 1070 1736 notum
1093 1685 1150 1736 est.
1195 1675 1270 1740 Alii
1295 1678 1352 1759 igi·

246 1805 298 1857 tur
336 1805 470 1856 accentu
503 1795 558 1856 in·
579 1793 725 1856 ultimam
758 1799 903 1877 conjecto
949 1783 1023 1868 εἶχε»
1054 1796 1162 1874 λαβεῖν
1194 1800 1355 1888 scribunt,

248 1917 330 1997 quod
352 1918 413 1979 etsi
435 1917 627 1980 adsensum
649 1929 737 1980 rcetc
760 1939 796 1979 se
818 1915 930 1994 habet,
954 1931 1061 1981 tamen
1082 1919 1224 1980 nondum
1249 1923 1358 1984 omni-

247 2041 305 2099 bus
328 2042 490 2122 probatur,
514 2043 588 2121 quia
611 2043 651 2104 ob
675 2039 883 2104 insolentiam
904 2041 1029 2104 dicendi
1053 2042 1277 2106 consuetudini
1304 2063 1357 2104 re-

247 2171 380 2242 pugnat,
402 2179 504 2240 neque
527 2181 546 2222 a
569 2160 660 2246 plebe
682 2161 886 2245 intelligitur.
929 2163 1070 2231 Duorum
1092 2133 1216 2228 tantum
1237 2167 1360 2226 verbo-

221 2261 226 2266 ’
248 2297 320 2340 rum
341 2277 651 2365 plusquamperfecto
673 2296 758 2362 sunt,
783 2285 984 2366 quaeCorais
1006 2282 1147 2368 opinioni
1168 2281 1357 2360 suffragari

249 2401 430 2480 videantur,
456 2389 530 2474 εἶχα
557 2399 621 2464 [aiei
638 2416 670 2470 et
696 2391 772 2478 εἷχα
799 2403 891 2484 rinei,
918 2407 1027 2488 quibus
1055 2405 1085 2465 si
1111 2401 1296 2486 adjungitur
1322 2423 1358 2476 ν,

250 2524 410 2589 exsistunt
437 2538 559 2590 veteres
587 2527 741 2592 infinitivi
769 2525 847 2588 ἰδεῖν
873 2541 907 2592 et
933 2525 1036 2593 εἰπεῖν.
1081 2525 1127 2590 At
1144 2543 1216 2586 vero
1240 2523 1277 2586 in
1302 2521 1358 2586 his

253 2660 363 2712 contra
386 2652 502 2712 veteris
525 2650 656 2734 linguae
679 2651 864 2736 analogiam
886 2655 926 2714 ab
942 2651 1108 2712 inferioris
1124 2645 1238 2710 aetatis
1256 2644 1355 2724 Grae.

252 2769 299 2832 cis
315 2773 522 2854 ¹conjunctivi
551 2774 665 2836 aoristi
696 2785 845 2838 accentus
872 2793 913 2834 ex
933 2769 1110 2856 penultima
1140 2771 1176 2830 in
1206 2767 1354 2830 ultimam

185 2933 187 2940 ·
252 2891 408 2972 syllabam
437 2898 651 2980 transpositus
679 2911 738 2994 est.
790 2899 879 2972 Quae
907 2893 937 2954 si
963 2892 1130 2954 nobiscum
1150 2903 1352 2974 reputamus,

254 3014 383 3076 evidens
406 3017 530 3082 videtur
552 3009 652 3096 λάβει,
675 3012 820 3101 γνωρίσει
843 3030 876 3080 et
899 3011 961 3076 ῑδεῖ
979 3014 1064 3090 nihil
1085 3033 1169 3092 esse,
1192 3014 1261 3074 nisi
1286 3009 1352 3074 conl

248 3139 427 3220 junctivum
450 3143 563 3205 aoristi
586 3154 680 3223 atque
707 3165 777 3206 eam
802 3147 840 3205 ob
865 3163 934 3204 rem
956 3139 1154 3204 emendatius
1181 3136 1351 3220 scripturos

255 3271 325 3320 esse
348 3259 498 3338 Graecos
521 3265 551 3327 si
572 3263 632 3352 p'ro
654 3264 706 3328 his
730 3275 923 3350 usurparent
947 3251 1022 3334 εἷχα
1049 3251 1148 3338 λάβῃ,
1177 3244 1252 3331 siue
1279 3277 1351 3336 pnn-

256 3370 343 3460 einp,
366 3367 441 3454 eiga
463 3378 529 3463 ἰδῇ.
574 3387 648 3451 Jam
671 3404 744 3448 vero
773 3385 934 3464 originem
962 3381 1077 3442 harum
1107 3379 1351 3440 circumlocutio-

256 3523 330 3567 nem
352 3509 582 3592 perrestiganti
605 3508 867 3592 sacileapparet,
890 3503 974 3584 quod
995 3519 1165 3588 perperam
1178 3499 1283 3583 uulgo
1306 3519 1352 3561 ex·

257 3641 368 3692 aratur
388 3627 539 3710 γραφῇῆ,
555 3624 740 3711 ψνωρισβῆ,
768 3623 912 3700 eruceri
935 3645 975 3686 ex
998 3624 1096 3686 activi
1119 3619 1273 3704 analogio
1294 3641 1353 3684 non

257 3769 327 3811 esse
349 3752 561 3830 infinitivum,
583 3753 638 3814 scd
655 3751 901 3841 conjunctivum
924 3745 1038 3807 aeristi
1059 3745 1181 3828 passivi
1204 3757 1299 3825 atquc
1313 3745 1352 3805 id-

258 3871 343 3930 cireo
372 3874 491 3936 rectius
519 3873 721 3936 scribendum
750 3891 820 3932 csse
849 3863 1001 3949 γραῳθῇ.
1057 3867 1159 3947 Atqui
1189 3867 1276 3930 dicat
1302 3866 1352 3928 eli-

257 3989 338 4070 quis‚
361 3998 555 4059 sententiam
578 3987 720 4059 hicnon
743 3989 1001 4075 Conjunctivum‚
1023 3991 1082 4056 sed
1096 3989 1297 4074 Infinitivum
1312 4009 1354 4050 re.
1400 4033 1408 4048 .

259 4113 393 4195 quirere.
427 4115 542 4180 Audio.
568 4117 691 4184 Verum
707 4115 902 4191 recentiores
919 4115 1087 4180 infinitivo
1102 4112 1215 4192 orbati,
1229 4131 1353 4192 eumque
