2860 4870
1123 298 1193 374 109
1269 248 1289 296 ²

85 500 120 562 in
148 497 260 580 quihus
288 507 434 559 extrema
461 486 584 574 ἑτέρους
610 509 637 554 t.
664 511 691 550 v.
720 515 745 552 o.
771 515 806 574 μ.
833 493 966 580 exponit
988 479 1106 565 ἄλλους
1128 482 1191 554 aa&

83 595 150 681 rain
164 608 326 700 napinam
347 609 455 695 φίλων.
499 615 589 678 Bene
612 627 717 678 autem
738 614 839 679 Henr.
861 613 1048 703 Stephanus
1070 619 1107 682 in
1122 616 1191 684 An-

82 742 305 807 notationibus
328 741 370 803 ad
392 737 473 800 lraec
495 735 622 801 schelia'
641 736 703 800 vol.
726 737 777 800 VI
800 758 829 822 p.
852 736 895 802 84
913 740 961 802 ed.
977 741 1108 826 Bipont
1125 759 1192 804 mo-

82 878 151 945 net,
174 884 243 927 non
266 883 336 926 essa
357 861 456 924 aliam
478 859 675 924 scholiastae
698 869 855 938 mentem,
879 880 974 941 quam
996 880 1076 941 quae
1097 861 1193 944 vulgo

84 989 134 1051 sic
162 985 360 1071 exprimatur
386 971 503 1054 ἄλλους
530 970 550 1058 ἢ
578 974 650 1052 τσὺς
671 971 828 1064 παρόντας
856 972 974 1060 φίλους.
1022 982 1098 1068 lpse
1119 1001 1194 1046 vero

86 1108 290 1190 Thucydides
312 1107 367 1172 lib.
391 1108 424 1186 Ι,
455 1106 498 1171 '23
527 1108 574 1170 ita
601 1107 769 1193 usurpavit
789 1093 878 1186 παρὰ
898 1107 934 1168 in
956 1104 1042 1169 hunc
1065 1107 1194 1170 modum

83 1230 233 1314 loquens:
257 1271 270 1284 -
286 1269 298 1280 -
314 1269 326 1280 ·
342 1221 434 1306 ἡλίου
461 1247 493 1288 τε
522 1220 690 1306 ε’κλεῖψεις,’
711 1217 747 1288 αἳ
768 1218 952 1310 truncataque
976 1217 1065 1316 erupti
1091 1217 1132 1290 rui
1157 1224 1194 1290 ἔκ

84 1351 142 1412 τοῦ
162 1344 235 1434 πρὶν
256 1341 376 1431 χρόνου
396 1341 660 1432 μνημονευόμενα
680 1345 870 1430 ξυνέβησαν,
892 1347 972 1433 quae
994 1354 1042 1416 vis
1063 1352 1195 1417 voculae

83 1464 174 1556 παρὰ
194 1475 336 1538 nondum
358 1486 508 1546 accurata
531 1474 796 1538 aGrammatieis
820 1473 987 1537 ermeleata
1009 1486 1067 1536 est.
1114 1474 1194 1538 Cae·

85 1609 192 1660 terum
216 1599 255 1659 ei.
279 1598 354 1660 adn.
377 1598 521 1660 advers·
548 1595 621 1660 171.
651 1631 694 1641 —
711 1586 838 1655 ¹uniiuua
860 1609 896 1660 ut
918 1616 1016 1684 supra
1038 1617 1118 1659 vers.
1142 1594 1195 1660 72.

219 1718 261 1782 V.
287 1716 361 1783 227.
407 1709 536 1799 δερμάτι
558 1719 579 1781 i.
604 1740 631 1780 e.
655 1681 835 1798 δερίιιάτιοζ,
857 1712 969 1800 &appion
1001 1752 1045 1763 -
1080 1707 1197 1799 ηὕρασι

85 1861 146 1928 pro
168 1824 279 1922 ηὗραν,
303 1842 433 1922 antique
455 1827 555 1928 sipon.
599 1839 676 1903 vid.
700 1842 774 1904 adn.
797 1843 840 1905 ad
860 1863 941 1906 vers.
965 1840 996 1906 9.
1037 1875 1082 1887 ·-
1117 1834 1197 1902 ὀποῦ

83 1955 150 2022 'rou
171 1965 194 2027 i.
217 1985 245 2028 e.
270 1957 349 2022 ὁποῦ
369 1949 451 2037 ἦνον.

220 2084 263 2147 V.
287 2083 362 2148 2⁶28·
408 2064 445 2146 aci
461 2077 554 2158 ’χασι
576 2084 596 2149 i.
612 2107 638 2148 e.
663 2076 697 2143 τὸ
713 2071 830 2157 εἴκασα.
852 2120 896 2132 -
918 2079 1091 2168 rsstrm‘ttssvo’
1107 2097 1193 2173 part.

84 2210 167 2296 peri.
197 2229 283 2295 pass.
306 2209 395 2274 verbi
422 2196 547 2282 τξιτὸνω
575 2209 693 2271 omisso
716 2229 815 2294 apro
845 2203 1050 2290 «ᾠνωμένον,
1071 2198 1195 2282 τζιτᾶυω

87 2331 247 2418 accipitur
268 2352 327 2418 pro
351 2353 400 2411 eo,
424 2331 507 2412 quod
530 2342 579 2395 est
601 2329 761 2406 extendo,
783 2329 895 2412 tendo,
919 2329 1067 2408 intendo,
1092 2343 1124 2395 et
1139 2353 1195 2413 ⁸re-

88 2465 139 2517 cte
162 2454 326 2515 derivatur·
351 2474 372 2515 a
396 2453 501 2514 Gerae
519 2447 640 2509 ’Araxa
663 2437 836 2514 Tom'IV.
860 2473 891 2536 p.
915 2451 980 2515 600
1003 2455 1042 2512 ab
1065 2453 1196 2532 antiquo

88 2565 223 2634 ruralem.
268 2570 434 2632 Differunt
456 2569 540 2653 apud
561 2579 692 2630 nostrae
714 2571 887 2630 memoriae
909 2570 1050 2630 Graecos
1071 2561 1197 2641 τςιτὸνω

88 2707 123 2758 et
145 2679 283 2750 ἁπλόνω.
329 2690 494 2753 Posterius
517 2688 623 2772 magis
638 2685 841 2775 explicandi
857 2701 889 2753 et
904 2686 1127 2773 expandendi
1142 2710 1198 2754 nc-

89 2816 210 2880 tionem
236 2810 341 2876 habet
365 2832 392 2875 r.
418 2833 445 2874 e.
475 2801 634 2888 ἔξαπλόνω
663 2800 704 2872 τὰ
722 2804 840 2893 χαρτία
862 2799 968 2873 ἐπάνω
995 2808 1038 2884 εἰς
1063 2803 1098 2872 τὸ
1126 2830 1198 2894 apa.
1261 2847 1267 2856 ι

86 2929 155 3009 araga
176 2931 322 3000 charius
342 2931 378 2998 in
401 2955 517 2998 mensa
540 2931 689 3022 explico,
711 2937 768 3000 sed
790 2924 915 3009 agana
930 2925 964 2995 τὸ
980 2928 1093 2996 aaziae
1106 2929 1124 2996 ὁ
1138 2928 1196 2996 oia.

86 3047 212 3141 πριοτής
236 3053 405 3122 insolatur
433 3057 511 3138 (der
532 3057 701 3139 Bleieher‚
731 3057 762 3122 lc
785 3057 1028 3135 blanchisseur)
1058 3055 1197 3124 linteum

85 3176 255 3249 extendit.
300 3180 334 3242 Is
357 3181 459 3262 igitur
481 3171 659 3256 ἐξαπλόωει,
688 3180 742 3260 qui
765 3180 1047 3262 quod‘invciutum
1073 3193 1107 3246 et
1139 3183 1196 3246 im-

2 3289 6 3299 ’
87 3303 235 3392 plicitum
258 3312 329 3365 erat
351 3301 469 3366 evolvit
491 3313 523 3365 et
545 3302 696 3388 explicat,
720 3293 846 3376 τζιτόωει
872 3325 947 3368 vero
976 3306 1031 3386 qui
1048 3308 1118 3388 jam
1141 3327 1196 3370 ex·

86 3426 199 3511 plicita
222 3438 255 3486 et
277 3423 404 3488 evoluta
426 3426 474 3488 sic
496 3425 538 3490 ad
560 3428 713 3490 amussim
735 3427 857 3507 tendit,
879 3438 916 3491 ut
937 3447 1003 3492 una
1025 3429 1197 3508 eademque

89 3550 277 3612 continuata
307 3559 462 3633 appareat
487 3547 584 3610 linea.
638 3551 711 3623 Quo
738 3549 792 3625 fit,
820 3549 933 3626 utqui
957 3537 1196 3624 ἔξαπλὸνειαίἰ.

88 3672 174 3752 quid,
198 3669 328 3732 efficere
349 3667 443 3746 velit,
461 3679 497 3732 ut
518 3687 581 3746 res,
606 3671 696 3751 eujus
718 3679 863 3730 extrema
883 3668 979 3730 'modo
1000 3667 1198 3734 lineamenta

88 3789 141 3853 vel
163 3801 289 3875 partem
311 3789 452 3872 aliquam
474 3789 673 3869 videbamus,
692 3792 763 3871 jam
785 3800 855 3852 tcta
881 3790 939 3851 sub
961 3797 1124 3873 aspectum
1146 3809 1197 3856 ca-
1309 3849 1312 3856 ,

90 3911 160 3991 dat,
189 3928 379 3991 quamquam
407 3913 595 3974 continuam
621 3920 814 3997 punctorum
839 3910 957 3972 seriem
984 3909 1026 3974 ad
1061 3912 1196 3978 eandam

91 4035 213 4097 lineam
235 4031 271 4092 in
293 4029 462 4114 superficie
485 4035 554 4114 ejus
576 4033 625 4093 rei
646 4034 743 4096 sitam
765 4031 995 4117 pertinentium
1010 4051 1077 4097 non
1093 4046 1194 4116 curat,

92 4167 206 4219 contra
232 4163 270 4215 ut
298 4143 316 4210 ὁ
344 4137 498 4230 tetricae,
521 4147 679 4217 siminus
708 4164 801 4221 caute
828 4151 915 4219 ultra
941 4174 1034 4237 quam
1061 4157 1194 4236 ineest,

92 4278 210 4352 tendit,
238 4293 307 4339 rem
336 4272 464 4340 scindau
492 4284 525 4339 et
553 4273 725 4367 dirumpet.
773 4275 837 4348 Hic
850 4297 939 4365 ⁴usus
961 4252 1114 4344 constans
1135 4287 1196 4344 est.
