2860 4870
231 349 300 420 154

230 543 307 625 quia
332 537 433 603 alium
464 534 560 599 lrehet
593 549 740 611 sensum,
767 529 1071 617 plusquamperieeti
1093 527 1347 618 periphrasihus

229 658 469 730 adnumeranda
491 669 550 721 est·

360 783 506 846 Transeo
534 778 575 842 ed
603 777 701 842 loturi
728 775 880 862 temporis
907 773 1122 860 periphrases.
1176 775 1342 860 Antiquo-

229 929 300 975 rum
315 909 455 970 futurum
469 893 587 984 γράψω
602 887 763 976 scribom,
784 887 901 972 ποιήσω
914 889 1072 982 surium,
1094 917 1212 979 vagum
1226 900 1340 965 inlini.

228 1047 356 1112 tumque
379 1009 610 1090 recentioribus
632 1024 734 1084 visum
758 1032 815 1084 est.
870 1021 1084 1095 Quamobrem
1112 1022 1218 1084 varias
1242 1043 1337 1086 exeo·

229 1157 373 1242 gitamnt
396 1145 664 1226 circumloquendi
687 1145 841 1220 rationes,
864 1143 989 1222 quibus,
1012 1152 1047 1203 ut
1069 1140 1157 1204 inter
1178 1163 1211 1204 se
1228 1143 1330 1206 diver.

219 1281 285 1358 Isis,
309 1275 468 1338 diversum
490 1269 588 1330 etiam
611 1285 741 1328 sensum
764 1265 903 1350 exprimi
926 1283 1057 1326 neeesse
1080 1276 1138 1326 est.
1190 1260 1255 1340 Quo
1274 1263 1325 1344 fit,

228 1413 264 1466 ut
284 1394 432 1480 singulae
454 1391 552 1455 futuri
575 1387 728 1474 temporis
751 1387 873 1450 formae
901 1398 1026 1472 partem
1054 1397 1180 1450 tantum
1208 1386 1335 1469 signifi.

229 1521 367 1588 cationis
395 1515 522 1596 antiqui
549 1511 648 1574 futuri
677 1509 830 1590 reddant,
862 1521 964 1573 totam
987 1513 1054 1590 ejus
1076 1510 1141 1573 vim
1164 1529 1231 1574 non
1254 1511 1335 1574 reie-

227 1657 312 1710 rant
356 1641 398 1704 In
420 1637 471 1702 his
494 1635 594 1699 futuri
614 1633 767 1718 temporis
790 1633 875 1718 apud
897 1619 1226 1698 recentiores·formis
1249 1635 1335 1718 peri·

227 1766 400 1857 phrastieis
423 1763 503 1826 duae
526 1758 678 1836 eminent,
711 1774 844 1836 quarum
866 1753 971 1817 altera
993 1765 1120 1818 eonstat
1140 1757 1239 1818 tertia
1263 1776 1332 1842 per-

226 1911 308 1958 sona
328 1891 411 1970 sing.
434 1884 506 1946 lnd.
528 1901 632 1967 praes.
654 1878 743 1942 verbi
764 1869 850 1948 θέλω
874 1887 908 1941 et
923 1875 1136 1961 Conjunetiro
1158 1898 1264 1963 praes.
1283 1878 1336 1941 vel

227 2035 294 2080 aor.
318 2015 402 2094 ejus,
426 2005 509 2089 quod
532 2005 673 2086 exigitur
700 2001 799 2065 verbi.
851 2001 958 2079 Quam
986 2002 1142 2063 rationem
1170 2001 1200 2062 si
1227 2001 1337 2080 sequi-

227 2157 309 2215 mffl's
326 2133 529 2211 antihumum
544 2117 661 2206 γράψω
683 2144 771 2202 nune
792 2124 943 2186 vertitur:
967 2115 1050 2192 {reita
1072 2112 1261 2201 γράφωψει
1276 2116 1333 2191 δέ,

106 2319 112 2331 ,
225 2263 271 2319 λει
298 2244 417 2336 γράψω
444 2229 550 2328 (δέψει
576 2237 705 2326 γράψῃς
734 2245 786 2308 vel
814 2241 901 2316 asto
928 2252 1056 2334 γραψρς
1081 2244 1162 2322 ete.)
1207 2243 1334 2306 Utrum

226 2372 456 2466 conjunctivus
478 2368 669 2456 praesentis,
693 2388 737 2430 an
759 2370 875 2433 aoristi
895 2377 1038 2454 ponatur,
1060 2361 1193 2424 multum
1215 2364 1329 2422 refert.

226 2503 295 2570 Sed
317 2501 392 2583 quia
412 2507 525 2560 notam
548 2491 633 2555 hene
655 2491 871 2556 differentiam
894 2491 1023 2576 opinor,
1050 2503 1127 2566 quae
1149 2482 1234 2546 inter
1255 2501 1329 2544 mo-

226 2629 283 2694 dos
305 2621 485 2712 praesentis
508 2627 541 2681 et
562 2614 678 2682 aoristi
701 2615 882 2692 intercedit,
904 2632 1045 2693 quaeque
1061 2629 1081 2672 a
1095 2627 1146 2670 me
1161 2605 1238 2670 alibi
1251 2623 1332 2690 pau-

226 2753 272 2815 eis
295 2746 483 2831 adumbrata
504 2751 563 2820 est,
587 2739 660 2803 ideo
682 2758 753 2802 eam
779 2737 833 2799 hio
854 2734 985 2798 silentio
1007 2743 1186 2817 praetereo.
1215 2727 1262 2820 At
1274 2747 1334 2789 our

227 2872 343 2936 Graeci
366 2865 420 2931 llic
442 2857 529 2935 θέλει
552 2863 677 2938 dicant,
704 2860 738 2924 id
760 2877 780 2920 a
802 2855 931 2918 nemine
953 2849 1154 2916 errueleatum
1190 2851 1330 2935 repperi.

225 2997 306 3072 Res,
327 2993 393 3054 nisi
416 2989 521 3067 fallor,
542 2989 591 3052 sio
612 3009 648 3050 se
671 2984 776 3048 habet.
831 2970 920 3038 Θέλει
947 2975 984 3038 in
1010 2972 1074 3038 hoo
1100 2972 1255 3053 loquendi
1279 2992 1331 3054 ge-

225 3139 302 3184 nere
324 3115 453 3178 verhum
476 3109 693 3196 impersonale
715 3120 775 3170 est.
822 3105 930 3183 Quare
952 3100 982 3164 si
1003 3097 1103 3161 latine
1125 3093 1221 3180 paulo
1244 3097 1330 3158 inso-

223 3241 342 3304 lentius
375 3237 463 3317 loqui
496 3248 529 3298 et
557 3235 598 3297 ad
625 3232 769 3293 litteram
797 3230 864 3290 fere
892 3226 978 3290 hane
1011 3219 1216 3309 periphrasin
1243 3211 1330 3288 ᾓέλει

224 3350 411 3445 poolpovel
433 3352 519 3430 βέλει
540 3344 658 3434 γράψω
685 3364 718 3410 et
740 3315 836 3422 βέλει,
855 3336 1003 3420 arasthem
1033 3342 1082 3406 vel
1110 3334 1197 3406 βέλει
1222 3337 1328 3402 arverni

224 3484 487 3558 convertereris,
520 3476 568 3537 sio
590 3470 695 3533 dieas:
732 3448 894 3530 vollentes
917 3474 986 3538 ert,
1011 3471 1049 3524 ut
1076 3457 1245 3538 serronem
1273 3481 1326 3526 vo·

224 3606 482 3678 inmoramur
505 3589 676 3660 verberam
701 3627 744 3638 —
772 3611 833 3680 pro
858 3588 999 3676 simplici
1021 3583 1170 3650 scribom
1197 3597 1230 3648 et
1255 3605 1326 3650 oer-

222 3728 358 3798 barolo.

218 3912 248 3934 Δ,
292 3901 294 3906 ,
355 3850 470 3930 Altera
486 3841 689 3934 periphrasis
704 3839 781 3904 huie
796 3839 892 3924 plane
909 3836 1058 3920 opposita
1078 3843 1134 3894 est.
1174 3830 1222 3893 Ea
1239 3831 1342 3894 eninr.

222 3983 349 4049 eonstat
370 3975 466 4035 verbo
490 3961 576 4039 &lio
598 3962 799 4054 personalem
816 3979 907 4022 nsum
923 3956 1060 4020 habente
1074 3967 1107 4018 et
1121 3956 1226 4034 verbo,
1243 3953 1327 4035 quod

221 4095 400 4166 enuntiatio
424 4092 575 4179 postulat,
600 4083 862 4176 impersonaliter
879 4079 1072 4168 usurpando.
1118 4077 1256 4142 Ponitur
1272 4095 1325 4140 au-
