2908 4914
206 235 319 288 xxt'ur

208 404 388 504 scriptam,
413 400 450 474 in
474 399 623 502 gratiam
652 396 818 474 Damin'ai
847 423 867 470 a
901 395 1000 471 Gocs
1029 395 1202 497 Ilispuni,
1235 430 1319 502 pro.

208 534 442 612 nuntiationis
467 531 661 621 lormulam,
687 531 723 602 in
749 527 846 604 nullo
871 527 1048 606 diversam
1074 531 1118 604 ab
1154 559 1215 622 ca,
1248 563 1319 634 qua

210 667 344 771 passim
370 665 467 740 docti
493 675 530 740 et
554 664 690 738 indocti
715 664 752 736 in
776 661 844 736 hac
873 661 991 762 lingua
1023 663 1210 738 utuntur.'’
1260 667 1319 742 En

209 827 278 874 nec
301 798 381 900 ipse
405 797 580 874 Erasmus
606 820 673 870 suo
691 795 831 894 dialogo
850 792 956 866 fidem
975 791 1109 898 habuit,
1128 797 1209 896 qn‘is
1234 825 1319 900 ergo

212 933 305 1020 illam
331 929 482 1008 anobis
508 927 729 1026 requirerett
778 923 944 1002 Eundem
964 924 1144 1002 Graecum
1169 929 1319 1003 sonandi

211 1063 357 1139 modum
382 1069 590 1136 constanter
613 1059 805 1134 retinuisse
831 1037 978 1132 cernere
1004 1069 1061 1133 cst
1086 1085 1106 1132 e
1132 1059 1318 1160 colloquiis

211 1194 451 1282 familiaribus,
475 1191 536 1266 illo
560 1193 781 1292 praesertim,
814 1189 912 1290 quod
936 1189 1040 1266 Echo
1064 1217 1193 1266 nomen
1218 1219 1319 1292 prae-

212 1327 294 1415 lert,
327 1325 389 1402 ubi
412 1323 494 1402 voci
519 1322 729 1398 eruditionis
756 1322 952 1423 respondet
979 1321 1083 1398 Echo
1108 1314 1207 1412 ὄνοις
1230 1323 1319 1424 Epi-

214 1460 316 1561 scopi
339 1455 465 1548 κόποι,
492 1455 629 1530 ariolari
655 1455 782 1556 λάροι,
807 1454 979 1556 astrologi
1002 1452 1112 1558 λόγοι
1137 1455 1319 1532 Gramma·

213 1592 276 1666 tici
301 1592 397 1692 εἰκῆ,
428 1589 580 1664 famelici
603 1585 728 1664 λκύκοι.
784 1586 890 1687 Quae
921 1586 1038 1662 omnia
1067 1611 1149 1660 cum
1181 1585 1319 1664 Graeca
1412 1609 1439 1644 ’κ

213 1718 503 1822 pronuntiatione
528 1717 574 1790 ad
599 1718 769 1792 amussim
794 1719 1027 1811 conveniunt,
1053 1729 1108 1810 et,
1139 1719 1172 1794 si
1197 1721 1321 1798 scivis-

213 1862 272 1930 set
297 1875 461 1939 erronea,
486 1848 565 1923 siue
589 1848 699 1924 dubio
729 1850 767 1925 in
800 1849 1016 1928 editionibus
1049 1853 1317 1953 posterioribus,

213 1995 255 2062 ut
279 1986 551 2084 corrigerentur,
577 2008 722 2085 operam
747 1983 919 2062 dedisset.
966 1984 1041 2061 Sed
1070 1985 1159 2060 nibil
1191 1987 1317 2063 minus.

213 2116 299 2192 Non
324 2114 440 2189 solum
463 2113 543 2212 ipse
561 2115 671 2212 priori
688 2117 818 2188 rationi
833 2116 983 2190 firmiter
1000 2116 1172 2210 adhaesit,
1196 2146 1312 2197 nerum

213 2257 256 2324 ut
279 2247 323 2320 ab
348 2243 425 2318 aliis
452 2269 538 2318 suae
562 2243 646 2318 fidei
672 2244 817 2320 creditis
841 2244 1096 2341 addisceretur,
1122 2253 1219 2327 omni
1235 2277 1314 2328 cura

214 2376 430 2482 providit.”'’
449 2375 548 2451 Haec
560 2374 807 2453 Wetstenius.
827 2378 1076 2484 Quaecunque
1089 2383 1320 2486 postllrasmi

213 2521 365 2588 mortem
390 2509 435 2584 ad
460 2506 718 2584 defendendam
747 2509 840 2590 banc
872 2509 1149 2594 commentitiam
1178 2517 1318 2617 linguae

215 2670 362 2748 graecae
387 2643 712 2745 pronuntiationem
731 2647 851 2725 aviris
869 2649 986 2726 doctis
1006 2651 1203 2750 excogitata
1222 2658 1317 2738 sunt,

214 2805 337 2880 parurn
364 2775 533 2873 ponderis
558 2774 690 2849 babere
714 2786 885 2874 possunt,
912 2779 1078 2872 quoniam
1110 2800 1234 2846 ornnes
1266 2779 1319 2844 in-

214 2903 466 2984 confideratius
492 2928 599 3002 quam
625 2908 762 2980 cautius
787 2904 879 2976 banc
904 2927 1046 2976 causam
1072 2910 1230 3004 egerunt.
1261 2903 1318 2979 Ac

213 3039 367 3141 primum
394 3033 538 3133 quidem
553 3033 696 3109 Erasmi
722 3034 929 3110 defensores
946 3023 992 3108 ne
1011 3032 1049 3109 id
1072 3033 1216 3136 quidem
1233 3061 1318 3136 ope-

212 3196 290 3244 ram
321 3166 580 3256 dederant,‹ut
609 3168 753 3266 penitus
782 3165 963 3241 discerent
993 3165 1212 3246 Graecorum
1237 3195 1319 3270 pro-

212 3297 480 3385 nuntiationem,
507 3321 624 3394 quam,
648 3308 690 3370 ut
712 3305 838 3370 notum
863 3309 929 3388 est,
950 3325 969 3372 a
987 3301 1103 3400 primo
1119 3302 1318 3374 litterarum

213 3431 430 3508 Graecarum
455 3426 491 3499 in
518 3425 708 3500 Germania
740 3425 888 3507 doctore
919 3430 1120 3506 Reucblino
1150 3426 1318 3504 Reuclrli·

213 3564 354 3638 nianam
378 3557 484 3662 vulgo
508 3582 689 3636 vocamus.
744 3558 830 3660 Quo
856 3563 978 3654 fiebat,
1004 3573 1045 3638 ut
1068 3540 1319 3663 impugnarent

214 3695 312 3798 quud
335 3692 556 3798 ignorabant,
581 3699 623 3765 ut
645 3701 806 3769 veterum
833 3695 878 3769 de
902 3696 1192 3796 pronuntiatione
1216 3692 1319 3768 testi-

213 3831 330 3902 monia
355 3855 429 3904 non
452 3823 701 3926 intelligerent,
725 3835 767 3900 ut
790 3825 835 3901 de
851 3828 1146 3929 inscriptionibus
1163 3826 1318 3924 antiquis

213 3960 303 4036 lalso
327 3959 535 4055 judicarent,
560 3967 601 4031 ut
625 3983 734 4060 quum
764 3985 947 4060 nunquam
977 3953 1142 4037 homines
1173 3958 1318 4033 natione

213 4091 373 4168 Graecos
388 4087 526 4165 Graeca
538 4090 647 4164 verba
670 4092 942 4190 pronuntiantes
965 4092 1197 4180 audivissent,
1211 4088 1318 4163 talem

213 4224 389 4325 lingerent
413 4217 631 4298 Graecorum
656 4225 991 4322 pronuntiationem,
1017 4224 1132 4325 qualis
1157 4248 1226 4300 nec
1252 4229 1319 4311 est,
