2860 4870
1135 239 1203 310 103

226 426 269 492 V.
292 425 369 494 208.
413 412 577 530 “0²²²in
606 436 764 514 utsupra
792 447 874 492 vers.
906 427 977 494 166.
1005 390 1049 479 ss
1080 426 1200 514 stoicon

86 551 267 618 dilucidavi
290 552 331 616 ad
354 549 478 632 dialogi
500 567 582 612 vers.
608 545 658 612 10.
1157 627 1161 635 Δ

225 673 270 736 V,
294 671 370 736 909.
416 660 545 751 ἅκριβός
566 689 680 744 curus,
703 667 843 746 amicus,
864 670 1019 751 dilectus,
1033 677 1198 744 inferioris

84 795 284 878 graecitatis
306 795 504 874 vocabulum,
528 796 698 857 formatum
721 815 763 856 ex
785 797 915 877 antiquo
932 787 1070 877 ἀκριβής.
1093 799 1197 864 Ρο11ο

87 919 180 1004 apud
211 927 342 981 nostrae
374 918 547 980 memoriae
577 916 719 979 Graecos
749 938 802 997 ea,
837 937 918 999 quae
946 938 1066 1000 magno
1093 922 1198 1004 pretio

87 1041 283 1120 venduntur,
305 1053 382 1104 sunt
404 1029 544 1120 άκριβά,
567 1059 666 1102 coro.
711 1039 861 1120 Denique
883 1040 922 1103 de
938 1039 1122 1106 hominihus
1136 1040 1199 1106 hoc

84 1163 283 1246 adjectivum
313 1165 453 1249 capitur,
482 1163 537 1244 qui
565 1162 724 1226 veteribus
753 1174 829 1226 sunt
855 1154 1057 1245 φιλάργυροι,
1088 1183 1196 1247 quam.

85 1304 187 1365 quam
210 1307 248 1347 eo
270 1305 367 1348 sensu
389 1287 428 1348 ab
451 1285 586 1347 eruditis
608 1285 737 1368 saepius
760 1285 889 1368 ponitur
911 1287 1044 1366 antiqua
1065 1307 1195 1350 vox·-

82 1405 141 1472 De
163 1409 357 1492 pronomine
380 1400 456 1486 ἒμέυ
477 1407 548 1470 vide
571 1407 657 1470 dicta
679 1405 720 1468 ad
742 1426 821 1470 vers.
841 1405 893 1470 18.
918 1406 1088 1472 Caeterum
1100 1429 1196 1491 quum

82 1519 219 1610 ἀκριβός
241 1532 281 1592 ob
304 1514 578 1612 significationem
601 1528 741 1591 dativum
758 1529 911 1610 requirat,
935 1541 1080 1614 apertum
1097 1540 1147 1592 est
1165 1541 1197 1594 et

83 1653 304 1714 accusativum
328 1644 403 1732 ε’μέν
420 1661 458 1715 ct
480 1652 658 1734 genitivum
678 1641 792 1730 μητρός
813 1650 914 1714 dativi
936 1651 1005 1714 vioe
1024 1649 1080 1714 hic
1097 1652 1197 1735 fungi.

84 1773 138 1837 ct.
163 1794 244 1856 quae
267 1774 503 1837 observavimus
525 1774 566 1837 ad
588 1794 668 1838 vers.
694 1766 747 1837 96.

221 1895 268 1957 V·
291 1892 367 1958 210.
411 1883 632 1976 ἆγαποῦσαμὲ
657 1897 679 1958 i.
701 1915 728 1976 q.
751 1884 988 1976 ἀγαποῦσαμεν
1005 1894 1033 1961 1.
1050 1915 1135 1982 pers.
1148 1895 1194 1982 pl.

84 2019 165 2103 imp.
190 2027 249 2080 act.
271 2017 360 2080 verbi
382 2007 508 2097 ἀγαπῶ.
549 2017 635 2081 Nam
663 2037 723 2104 pro
748 2006 881 2098 ἠγάπων
902 2017 1087 2104 plerumque
1109 2038 1195 2080 nunc

81 2132 272 2220 ἀγαποῢσα,
296 2159 354 2225 pro
377 2129 499 2219 ἐτίμων,
523 2133 675 2220 ε’τιμοῢσα
696 2149 757 2202 etc.
781 2140 901 2203 dicunt.
935 2139 1020 2204 Vide
1036 2140 1194 2204 Darvaris

82 2271 249 2344 Γραμματ.
272 2255 396 2322 cinisii.
419 2264 483 2322 σελ.
508 2260 578 2327 130.
605 2297 647 2308 -
669 2253 752 2344 ytuv'
775 2246 848 2338 ἦτον
871 2261 890 2324 i.
915 2283 942 2324 e.
965 2251 1051 2344 γιατὶ
1073 2250 1154 2337 ἦτον.

217 2384 263 2447 V.
285 2383 361 2446 tlt.
405 2378 525 2462 ὑστερῶ
544 2381 644 2468 privo
668 2386 705 2447 in
727 2385 885 2446 deteriore
905 2387 1081 2465 graecitate
1096 2383 1192 2462 valet,

85 2511 177 2588 cujus
200 2480 403 2585 significatus
425 2502 561 2580 nullum,
584 2502 667 2580 quod
690 2502 807 2580 sciam,
829 2503 867 2564 in
889 2505 1093 2582 antiquorum
1114 2502 1193 2566 scri-

84 2627 153 2713 ptis
175 2624 346 2720 vestigium
369 2633 429 2684 est.
931 2672 938 2684 .

221 2743 262 2807 V.
287 2742 360 2806 212.
406 2731 562 2822 ἐβάλασιν
582 2721 641 2829 pro
664 2727 787 2821 ἔβαλαν
812 2739 832 2806 3
855 2761 939 2828 pers.
960 2739 1005 2827 pl.
1033 2761 1101 2806 aor.
1124 2735 1192 2808 Ina.

85 2880 148 2934 act.
171 2869 259 2932 verbi
281 2855 369 2946 βάυω
392 2888 433 2930 ex
455 2867 587 2947 antiquo
610 2855 717 2944 βάλλω
739 2866 825 2945 nati,
855 2865 895 2927 de
923 2885 984 2944 quo
1012 2865 1084 2928 vide
1113 2870 1194 2946 Δαρ.

84 2983 203 3072 βάρεως
225 2998 349 3071 Γραμμ.
371 2981 443 3050 rial.
467 2993 533 3050 σελ.
563 2987 633 3053 185.
669 3023 714 3035 ·-
747 2978 787 3067 gri
809 2979 938 3064 xlcdotri'
961 2987 982 3049 i.
1005 3009 1033 3049 e.
1059 2977 1102 3068 nl
1123 2991 1192 3050 κλε-

83 3105 164 3193 ψιὰυ
177 3109 318 3200 scamina.
363 3111 500 3195 Legitur
521 3123 627 3174 autem
648 3097 766 3187 κλεψιὰ
786 3129 845 3194 pro
864 3109 995 3190 antiquo
1012 3099 1111 3185 κλοπή
1120 3113 1192 3195 jam

86 3240 123 3303 iu
143 3237 382 3324 Nomocanone
405 3233 453 3297 ed.
476 3228 616 3300 Coteler.
646 3255 733 3298 num.
756 3229 832 3312 tlt.
857 3228 932 3296 476.
955 3243 1031 3296 tom.
1053 3233 1080 3298 1.
1118 3233 1190 3298 Mo-

83 3372 265 3425 numentor.
287 3358 375 3422 Ecel.
399 3358 512 3422 Graec.

215 3480 260 3543 V.
283 3479 357 3544 213.
402 3473 489 3541 καλὰ
510 3470 566 3553 κα)
588 3499 812 3568 quomquam,
843 3477 1000 3566 quamvis
1022 3498 1082 3562 pro
1105 3478 1190 3539 anti-

84 3623 218 3688 quorum
250 3594 378 3682 καίπερ,
413 3599 440 3662 εἰ
472 3596 531 3662 καί
564 3603 729 3665 Italismus
763 3611 822 3663 est.
866 3598 943 3661 Itali
970 3597 1120 3659 videlicet
1141 3598 1190 3659 sic

84 3736 241 3810 usurpant
262 3721 386 3788 tenete
410 3745 447 3788 ao
471 3723 621 3788 similiter
638 3723 726 3786 Galli
748 3718 824 3784 bien
847 3739 922 3806 quc,
945 3739 1005 3780 nos
1028 3696 1188 3780 wiemoll.

85 3851 150 3914 Pro
173 3836 258 3904 καλὰ
279 3838 335 3906 καὶ
358 3849 528 3912 usitatiora
552 3846 647 3910 hodic
668 3857 745 3908 sunt
767 3833 901 3925 ἀγκαλὰ
922 3853 957 3933 et
977 3829 1111 3920 ἀγκαλᾶ
1132 3833 1193 3902 καί

85 3975 123 4037 in
154 3970 266 4052 quibus
297 3968 401 4052 prima
431 3970 557 4052 syllaba
591 3980 641 4032 est
673 3965 833 4054 particula
873 3937 1098 4028 eorrditionalis
1135 3949 1186 4024 ἄν.

86 4093 227 4160 Proinde
251 4093 432 4178 comparari
453 4102 588 4176 possunt
610 4110 682 4154 cum
704 4088 818 4153 Italico
840 4084 989 4152 schbevee.
1014 4121 1055 4135 -
1077 4086 1118 4151 In
1132 4077 1187 4166 μό.

88 4240 138 4289 νος
162 4208 237 4298 μοῦ’
267 4226 363 4288 aug-ot
384 4215 406 4279 i.
430 4237 458 4279 e.
481 4201 577 4294 μόνος
598 4235 663 4294 μου
686 4199 794 4284 iaceo
822 4213 906 4278 idem
929 4211 1057 4276 dicendi
1085 4225 1188 4290 genus
1254 4223 1259 4232 “
