2870 4874
1129 195 1175 263 47

60 380 212 471 amato
231 398 265 452 a
286 378 424 469 πρόνοια.
469 383 559 449 ruem
581 383 663 450 uao
686 381 772 446 aare
794 403 818 444 a.
838 355 971 467 ‘apae
994 405 1074 451 oa.
1099 383 1173 452 aro.

60 533 141 599 pag·
166 510 219 576 24.
242 512 290 576 ed.
316 510 391 574 Cor.

113 697 118 710 ἱ
176 625 234 695 καὶ
255 627 323 693 κατ’
348 623 458 710 ὀλίγον
480 620 590 709 ὀλιγὸν
612 622 766 708 evangilio)
787 621 828 689 rdt-
849 625 930 694 ὀστᾶ
950 655 1027 713 μου.

60 759 198 821 Pariter
220 739 317 818 lr'odie
339 754 375 814 in
398 752 592 816 carminibus
614 749 822 837 popularibus
850 773 878 814 v.
903 771 929 816 c.
958 751 1009 840 ap'.
1032 755 1173 821 Falerio-

61 881 133 941 lem
156 879 248 940 Tem.
266 874 307 938 ll.
332 895 404 960 pag.
420 872 517 938 132:-

221 984 343 1076 dompne
363 987 519 1073 moerori
540 993 688 1077 φοροῦσε,
711 988 861 1055 κόκκινον
881 987 1004 1071 aestati,

66 1123 123 1186 ubi
146 1110 300 1198 pouordue
322 1119 454 1202 linguae
476 1119 601 1203 legibps
623 1118 865 1181 convenientius
888 1130 967 1182 erat.
1016 1139 1019 1146 ’

198 1240 241 1304 V.
265 1239 296 1304 6.
339 1231 456 1321 κάμνει
477 1245 558 1306 bene
580 1243 678 1305 vertit
702 1240 835 1304 Crusius
848 1237 960 1328 sarit.
1005 1242 1065 1307 Est
1085 1245 1172 1307 enim

64 1365 153 1451 apud
181 1364 322 1427 Graecos
350 1365 541 1428 recentioris
569 1365 685 1428 aetatis
712 1348 825 1442 κάμνω
852 1363 938 1428 nihil
970 1367 1036 1429 nisi
1053 1363 1172 1452 secio,

64 1490 114 1551 ita
138 1499 174 1550 ut
196 1487 308 1569 magni
331 1485 497 1569 cujusdam
518 1487 640 1550 laboris
667 1485 807 1571 suscepti
833 1485 1047 1568 significatio,
1078 1500 1188 1568 quam·

66 1610 151 1696 apud
174 1608 364 1688 Homerum,
388 1609 566 1688 ubicunque
596 1609 766 1671 transitive
794 1606 856 1670 hoc
878 1610 1008 1672 verbum
1030 1622 1173 1695 usurpat,

66 1732 206 1818 reperiri
227 1732 390 1794 neminem
413 1731 595 1794 accuratius
623 1729 770 1814 singulos
797 1727 887 1794 locos
917 1733 1175 1797 considerantem

67 1854 167 1936 fugit,
194 1871 282 1914 nuno
309 1853 406 1937 plane
436 1873 457 1915 a
484 1855 580 1915 verbo
608 1853 701 1915 absit.
752 1849 826 1914 Jam
850 1873 944 1934 quum
967 1854 1063 1939 paulo
1086 1855 1174 1920 aliud

68 1977 113 2037 sit
133 1974 341 2036 Homericum
362 1971 402 2033 ll.
426 1971 532 2047 vlu,
555 1971 628 2037 195.
652 1960 821 2032 δαιδάλεον
837 1965 978 2053 θώρηκα,
993 1965 1046 2033 τὸν
1061 1965 1173 2054 ‘'Hpm.

69 2111 144 2164 στος
170 2082 254 2173 κάμε
282 2082 414 2173 τεύχων,
438 2113 533 2174 quam
556 2095 638 2177 quod
667 2113 753 2157 nunc
781 2093 896 2158 Graeci
918 2097 959 2196 ad
981 2097 1098 2162 multas
1120 2119 1173 2164 res

68 2215 234 2303 applicant
255 2203 378 2295 κάμνω,
400 2215 539 2303 exempli
562 2218 669 2301 gratia
698 2206 798 2296 dacum
824 2211 961 2295 ταξίδιον
987 2218 1054 2284 iter
1064 2218 1172 2309 jecit,

67 2339 316 2426 sulitproieeto
339 2339 470 2420 mirari,
486 2340 569 2422 quod
591 2349 720 2426 praeter
741 2339 945 2421 Dehequium
967 2343 1002 2406 in
1024 2343 1171 2409 Diction-

69 2465 161 2526 naire
190 2471 265 2544 gree
292 2461 444 2522 moderna
472 2462 615 2538 franpais
645 2483 671 2523 s.
694 2461 726 2522 h.
751 2483 778 2522 v.
803 2482 841 2523 ae
863 2461 1020 2524 Davidem
1043 2467 1173 2546 Προλεγ.

68 2581 111 2654 εἷς
132 2572 186 2640 cdv
202 2568 466 2658 anmddndwptdw
487 2577 539 2650 τῆς
563 2574 622 2636 ἑλλ.
644 2601 672 2636 κ.
694 2601 751 2662 γρ.Ι
765 2583 815 2656 γλ,
839 2583 904 2636 aad.
927 2572 954 2638 ι’.
977 2592 1010 2641 et
1032 2582 1090 2644 alii
1111 2586 1174 2648 viri

71 2705 157 2767 docti
170 2703 257 2762 inter
270 2717 351 2774 eam,
362 2716 456 2778 quam
468 2697 712 2761 commemoravi
720 2695 925 2762 Homericam
941 2702 1028 2764 verbi
1039 2713 1176 2788 potesta-

72 2837 136 2890 tem
157 2819 319 2900 atillam,
343 2840 423 2902 quae
445 2840 532 2884 nuno
554 2822 590 2884 in
612 2841 672 2884 usu
695 2831 761 2896 est,
788 2822 1059 2906 significationem
1089 2824 1175 2891 nihil

71 2945 265 3011 discriminis
288 2963 358 3006 esse
379 2955 570 3007 statuerunt.-

198 3058 279 3146 puar’
305 3057 360 3145 ἐμὲ
382 3085 439 3150 per
461 3083 658 3150 paragogen,
674 3084 770 3146 quum
791 3066 914 3130 vocalis
936 3081 1095 3149 sequatur,
1112 3091 1170 3156 pro

71 3184 127 3272 pud
150 3181 206 3268 ἐμὲ
228 3188 283 3249 le.
298 3179 340 3244 δι’
358 3176 422 3264 ἐμὲ.
446 3185 584 3270 Proprie
595 3198 705 3250 sonat:
730 3184 803 3268 „ud
812 3207 875 3263 me,
897 3189 931 3252 id
952 3200 1011 3270 est,
1031 3189 1070 3254 ¹ut
1093 3191 1171 3255 Cru-

71 3315 138 3376 sius
153 3320 240 3373 recte
255 3309 416 3394 expressit
431 3305 483 3371 ad
493 3327 599 3373 meum
613 3329 716 3372 usum.
747 3307 910 3374 Similiter
920 3311 1044 3395 adjecto
1056 3331 1073 3373 r
1083 3306 1169 3374 duor’

71 3454 128 3522 pro
149 3423 211 3492 άπὸ
234 3433 368 3497 barbare
391 3431 510 3495 dieitur
532 3453 559 3497 v.
584 3453 611 3495 o.
634 3423 720 3492 cicor’
745 3427 850 3512 ε’μέυα.
896 3433 944 3499 Cl.
970 3433 1107 3498 Coraem
1130 3438 1171 3498 ad

72 3557 234 3621 Prodrom.
259 3573 331 3639 pag.
355 3551 407 3617 70.
458 3554 511 3617 De
538 3554 662 3636 reliquo
686 3557 854 3619 observare
876 3556 984 3632 liceat,
1007 3555 1171 3636 significa.

73 3689 135 3741 tum
162 3676 412 3764 praepositionis
440 3665 496 3734 διὰ
525 3695 597 3738 curn
626 3677 806 3740 accusativo
835 3686 1055 3753 constructae,
1079 3695 1172 3754 quem

73 3798 125 3862 lrie
146 3783 314 3875 cernimus,
336 3797 494 3860 latissime
516 3817 573 3883 per
595 3798 740 3880 linguam
762 3796 911 3860 diffusum
934 3815 1013 3858 esse.
1059 3795 1173 3878 Neque¹

74 3921 156 3983 enim
177 3915 280 3979 solum
303 3918 343 3979 ad
365 3918 410 3996 id,
433 3919 516 3999 quod
538 3921 612 3982 usui
634 3931 693 3998 est,
716 3919 952 3981 enunciandum
980 3917 1168 4004 applicatur,

74 4042 126 4104 sad
154 4039 253 4101 etiam
282 4036 323 4098 ad
351 4036 448 4098 finem
478 4051 511 4100 et
538 4039 709 4102 eonsilium
737 4039 987 4124 exprimendum·
1041 4043 1112 4118 Quo
1134 4045 1190 4106 in.

76 4177 189 4246 genere
211 4159 328 4254 mirum
352 4167 410 4235 est,
434 4177 533 4244 prope
557 4179 682 4246 semper
705 4161 746 4225 ad
768 4162 1041 4247 interpretandum
1064 4177 1170 4250 aptam
