2908 4914
273 295 318 347 111

273 463 427 538 hominis
453 461 639 562 prudentis
665 443 702 534 et
727 458 871 534 cordati.
921 455 980 530 De
997 454 1135 553 reliquo
1151 445 1389 554 turpissimos

276 595 432 692 cujusvis
458 595 599 694 generis
626 575 765 668 errores
790 592 828 664 in
853 597 956 666 textu
979 586 1165 675 toleravit·
1189 587 1254 684 qui
1283 589 1388 666 viros

274 725 333 802 vel
358 725 673 801 exercitatissimos
699 719 880 798 offendere
906 727 1052 818 queunt,
1076 705 1175 792 uelut
1190 707 1231 793 ¹v.
1261 720 1307 792 19
1333 723 1390 814 τίς

277 853 358 932 iuna
383 857 403 928 ὁ
427 855 629 958 proviliaco,
654 839 716 929 ubi
742 837 991 952 corrigendum
1013 835 1071 925 bel
1095 848 1148 938 rig
1164 844 1222 923 ive
1238 850 1265 948 ἡ
1282 854 1386 956 γονή

278 1017 354 1063 σου
377 987 435 1064 vel
466 973 559 1075 river}
584 984 630 1062 ἔν’
663 989 695 1059 οἱ
725 991 848 1084 γονεῖς
878 1013 954 1058 oon
961 1015 974 1070 3
1004 979 1166 1057 similiter
1194 1005 1305 1056 versu
1337 984 1385 1058 64

276 1103 498 1220 pobrippcoo
522 1117 683 1205 retinuit,
710 1115 807 1216 quod
837 1111 1045 1188 mutandum
1060 1110 1111 1184 ‘in
1141 1105 1384 1215 boboiypoom

275 1248 409 1348 pariter
438 1273 470 1324 v:
497 1249 568 1322 455
600 1231 776 1345 ἰκᾴὸαροὶ
806 1247 844 1320 in
874 1255 977 1320 textu
1006 1233 1167 1342 reliquit,
1183 1280 1189 1291 ι
1205 1261 1272 1342 pro
1310 1269 1383 1343 quo

277 1379 492 1454 exarandum
517 1388 575 1454 est
600 1380 633 1453 οἱ
656 1375 830 1476 καθαροὶ.
879 1375 975 1452 Nolo
1000 1374 1057 1448 his
1088 1372 1227 1446 mendis
1259 1373 1383 1451 immo-

275 1510 348 1582 rari
374 1535 472 1610 vquae
502 1509 620 1583 omnia
651 1509 690 1582 in
720 1495 1007 1583 adnotationibus
1040 1502 1172 1578 criticis
1205 1504 1381 1606 leguntur.

275 1639 368 1714 Aliis
394 1666 479 1739 ergo
503 1641 610 1719 velim
636 1665 742 1740 quam
766 1629 853 1713 mihi
872 1635 1029 1712 *Crusius
1053 1635 1278 1735 persuadeat,
1304 1665 1380 1712 eum

277 1783 384 1868 quarn
409 1770 512 1844 affert
536 1795 656 1847 veram
682 1793 764 1843 esse
788 1763 976 1857 rationein,
1002 1755 1160 1872 cuntot
1174 1765 1260 1844 vitia
1292 1768 1381 1844 inta-

275 1907 333 1972 cta
357 1899 553 1999 reliquerit
610 1898 740 1973 Latina
778 1899 943 1973 carminis
980 1893 1165 1972 translatio
1196 1925 1216 1972 a
1247 1897 1378 1976 Crusio

276 2031 447 2120 confecta,
473 2057 579 2130 quam
603 2034 700 2128 juxta
725 2041 863 2106 textum
893 2031 930 2114 in
955 2029 1213 2132 Turcograecia
1243 2031 1378 2107 inveni·
1438 2105 1439 2138 p

275 2185 373 2249 mus,
402 2183 476 2233 non
508 2159 604 2233 omni
635 2158 740 2260 laude
771 2169 877 2233 caret.
934 2159 1061 2260 Longe
1092 2160 1208 2260 plures
1237 2160 1376 2234 scilieet
1438 2227 1439 2232 ,

275 2286 344 2360 1οεί
369 2297 470 2377 sunt,
497 2313 588 2388 quos
603 2281 801 2382 intellexit,
832 2313 937 2389 quam
970 2313 1061 2390 quos
1091 2317 1165 2366 non
1194 2285 1372 2364 intellexit
1438 2363 1439 2368 ,

199 2485 205 2494 .
275 2416 407 2519 Neque
431 2429 551 2494 tamen
575 2419 665 2495 haec
689 2411 815 2524 magna
840 2419 919 2496 laus
941 2420 979 2494 in
997 2423 1190 2500 tambrevi
1209 2419 1380 2524 opusculo

276 2558 341 2625 cst.
397 2549 639 2654 Caeteroquin
665 2554 829 2630 existimo
848 2547 1024 2629 Graecum
1035 2549 1205 2652 «aliquem,
1231 2559 1383 2652 qnorum
1437 2577 1438 2592 ἢ

274 2679 395 2781 plures
421 2686 528 2760 variis
553 2687 775 2784 temporibus
801 2685 846 2762 ad
872 2685 1038 2758 Crusium
1057 2694 1253 2773 ‘venerunt
1278 2683 1385 2757 utin

275 2811 535 2906 'Purcograecia
564 2812 700 2896 narrat'
724 2811 840 2882 italice
872 2809 975 2896 (nam
1007 2807 1067 2876 illo
1100 2807 1269 2878 sermono
1300 2837 1386 2885 cnm

274 2939 422 3011 Graecis
447 2937 628 3036 plerisque
653 2936 793 3008 locutus
825 2935 902 3026 cst)
929 2932 961 3003 oi
990 2932 1265 3032 interpretatum
1296 2961 1389 3016 esse

261 3064 365 3148 ,banc
390 3057 808 3164 Batrachomyomacbiae
833 3061 1074 3164 paraphrasin.
1129 3062 1228 3139 Inde·
1243 3064 1385 3145 sactum

271 3197 423 3285 videtur,
447 3197 549 3270 utin
573 3193 778 3271 universum
803 3197 895 3270 benc
919 3207 1077 3272 verteret
1105 3195 1275 3288 Crusius,
1311 3203 1385 3274 sed
1435 3271 1436 3314 p

274 3323 416 3423 quando
434 3324 563 3396 Graeci
587 3323 681 3399 illius
707 3319 1036 3427 interpretationem
1053 3353 1126 3401 non
1144 3329 1382 3422 intellexerat,
1435 3319 1436 3412 l

272 3481 292 3526 a
317 3475 428 3526 sensu
457 3453 645 3529 aberraret.
703 3451 809 3556 Quae
841 3453 1018 3531 sententia
1049 3457 1081 3530 si
1111 3456 1182 3534 eui'
1200 3455 1381 3557 displicet,

271 3607 344 3656 non
367 3583 689 3686 vide0‚‘qu0m0d0
715 3581 884 3679 evenerit,
914 3597 954 3662 ut
980 3565 1131 3664 Crusius
1158 3585 1259 3664 'omni
1290 3588 1380 3665 lexi-

271 3741 394 3791 corum
419 3726 456 3791 et
481 3719 787 3819 grammaticorum
817 3717 1015 3794 libellorum
1046 3717 1115 3820 ope
1146 3745 1286 3812 carens,
1317 3722 1377 3801 vel
1434 3705 1435 3747 ¹

270 3847 339 3920 hoc
364 3847 538 3924 tolerabili
568 3851 675 3928 modo
705 3861 871 3927 verteret.
927 3848 1049 3950 Quum
1081 3861 1199 3926 autem
1231 3846 1374 3950 saepius

269 3988 367 4054 recte
402 4007 508 4077 quam
542 3981 632 4056 salso
666 3981 823 4072 uerterit,
859 3979 988 4056 salsam
1009 3979 1099 4081 qnae
1123 3984 1162 4057 in
1191 3991 1293 4056 textu
1318 3991 1375 4055 cst
1433 4033 1434 4081 p

270 4109 480 4209 scripturam
504 4108 711 4209 frequenter
743 4140 786 4186 ex
812 4115 888 4211 ejus
922 4112 1165 4188 translatione
1184 4110 1372 4188 emendare

268 4239 359 4318 licet
409 4238 504 4317 Vide
540 4267 631 4340 quae
665 4243 702 4316 in
736 4243 1000 4322 Commentario
1021 4243 1081 4316 «ad
1118 4271 1150 4320 v.
1185 4247 1257 4317 217
1290 4244 1370 4318 dixi.
