2908 4914
1147 334 1217 388 Lvu

114 523 176 574 eos
206 498 402 600 inquibus
428 495 540 600 [nimia
572 493 719 572 barbare
750 497 892 576 locutus
924 509 1038 591 esset,
1069 498 1225 603 denique

111 657 195 722 eos,
220 632 258 706 in
291 632 422 730 quibos
452 654 524 704 vox
553 628 659 728 paolo
691 630 807 730 aptior
839 631 883 706 ad
914 633 1032 732 graeci
1060 633 1224 710 vocabuli

11 757 12 760 ¹
111 772 331 864 potestatem
347 759 573 852 reddendam,
590 760 678 836 mihi
695 763 734 836 in
751 773 908 838 mentem
925 766 1072 841 ueniret.
1116 764 1222 866 Quae

113 919 224 992 quum
249 893 296 968 ita
322 895 406 984 sint,
428 893 535 997 longe
560 893 814 995 elegantiorem
839 895 932 969 hanc
956 897 1223 974 translationem

112 1024 253 1099 efficere
284 1025 492 1127 potuissem,
530 1027 563 1101 si
599 1025 637 1100 id
674 1027 779 1102 unice
817 1027 904 1102 mihi
939 1030 1221 1130 proposuissem.

59 1236 61 1238 ,
110 1155 243 1234 Verum
275 1157 391 1258 ipsum
420 1158 621 1261 ¹elegantiae
651 1157 826 1251 studium,
866 1160 964 1260 quod
1002 1161 1035 1236 si
1071 1161 1221 1238 nimium

108 1295 201 1380 erat,
232 1289 410 1365 tironibus
440 1291 479 1365 iu
508 1291 579 1365 hoc
610 1318 718 1392 opere
749 1291 926 1368 obfuisset
956 1293 1078 1392 potius
1112 1321 1219 1394 quam

108 1417 315 1520 profuisset,
340 1421 471 1498 linibus
499 1423 723 1521 *quibusdam
759 1421 1123 1504 circumscribendum
1155 1451 1221 1524 pu-

107 1553 189 1630 tavi.
251 1553 346 1628 Nam
375 1553 645 1656 perspicuitatis
680 1579 786 1628 causa
819 1551 991 1654 quaedam
1023 1555 1140 1630 miuus
1173 1555 1221 1630 la·

103 1684 178 1758 tina
203 1685 341 1786 reliqui,
365 1685 464 1763 velut
487 1711 614 1764 vocem
643 1683 847 1787 rhythmus
865 1711 976 1760 sensu
1000 1686 1150 1761 barbaro
1180 1686 1218 1762 in
1303 1709 1311 1718 ·

49 1799 52 1804 ⁵
104 1816 341 1892 translatione
371 1817 509 1917 dialogi.
565 1817 690 1917 Quum
722 1827 840 1900 autem
871 1815 1037 1892 ducentis
1066 1817 1142 1892 sere
1166 1817 1219 1893 lo-

106 1949 160 2020 cis
185 1949 223 2018 in
247 1973 358 2046 parvo
382 1947 452 2020 hoc
477 1957 642 2045 poemate
659 1947 780 2022 Crusii
795 1947 1126 2046 interpretationem
1143 1973 1218 2022 mu·

107 2077 266 2167 taverna,
292 2077 430 2152 exstitit
454 2077 653 2169 translatio,
681 2080 866 2179 quaejam
890 2104 964 2158 uon
988 2079 1101 2181 magis
1128 2052 1217 2157 Cru-

103 2208 165 2300 sii,
197 2236 303 2310 quam
334 2237 412 2284 mea
444 2219 509 2286 est.
552 2210 694 2312 >ltaque
725 2212 764 2285 in
795 2209 898 2286 titulo
928 2211 1048 2309 hujus.
1065 2209 1147 2286 libri
1178 2213 1215 2286 in

102 2367 282 2439 suspenso
313 2343 584 2442 relinquendum
618 2369 699 2420 esse
733 2355 831 2419 ratus
862 2369 970 2434 ¹sum,
1009 2369 1134 2418 meane
1167 2344 1216 2418 sit

102 2470 351 2570 interpretatio
377 2501 422 2547 an
448 2474 578 2548 Crusii.
629 2474 742 2572 Quod
765 2475 944 2572 reliquum
969 2483 1043 2562 est,
1066 2474 1215 2548 ubicun-

106 2628 179 2700 que
209 2602 369 2675 locorum
401 2601 576 2683 Crusiana
605 2603 864 2700 interpretandi
887 2603 989 2688 ratio,
1015 2628 1035 2672 a
1065 2627 1122 2676 me
1152 2604 1215 2676 im·

105 2731 266 2832 probata,
292 2732 335 2803 ab
360 2729 438 2803 aliis
463 2728 607 2802 delendi
632 2753 743 2828 posse
768 2731 970 2818 videbatur,
1005 2731 1117 2824 (duos
1149 2733 1215 2808 hu.

101 2861 258 2962 jusmodi
281 2861 381 2938 locos
407 2888 489 2938 esse
514 2860 700 2962 suspicor)
726 2873 961 2968 aequumnie
986 2864 1134 2961 praebui
1158 2866 1212 2963 ju-

102 2993 234 3086 dicem,
266 2997 472 3070 memoratis
506 2995 545 3066 in
578 2993 843 3069 Commentario
861 2993 992 3070 uerbis
1025 2992 1211 3070 Crusianis

99 3127 289 3227 allatisque
314 3126 543 3226 argumentis,
570 3151 680 3224 quare
704 3125 764 3200 illa
787 3126 1004 3224 rejecissem.
1041 3123 1211 3225 Denique

99 3259 387 3334 Commentarius
427 3284 499 3360 quo
537 3257 607 3332 hoc
645 3283 806 3334 carmen.
823 3257 996 3336 illustravi
1033 3255 1210 3358 duplicem

97 3391 208 3468 habet
231 3401 417 3470 naturam„
453 3391 525 3466 Est
548 3390 643 3466 enim
668 3401 743 3468 tam
768 3418 891 3467 eorum
912 3389 995 3466 usui
1013 3416 1210 3467 accommo-

97 3524 213 3614 datus,
240 3525 302 3626 qui
326 3523 485 3600 nondum
498 3519 692 3626 'uulgarem
721 3550 923 3602 sermonem
956 3545 1122 3623 graecum
1156 3520 1209 3593 di-

95 3655 269 3748 dicerunt,
296 3648 403 3758 quam
435 3656 498 3756 qui
528 3658 599 3754 jam
632 3655 693 3732 diu
723 3658 762 3732 in
793 3664 839 3732 'eo
869 3653 1043 3730 discendo
1074 3651 1209 3754 versati

93 3798 190 3864 sunt
245 3785 345 3865 Olim
375 3788 521 3890 quidem
550 3791 806 3868 constitueram
836 3785 944 3861 talem
975 3781 1125 3890 eruditis
1158 3782 1209 3862 of·

93 3919 189 3994 serre
220 3916 538 4012 Commentarium,
571 3923 633 4022 qui
667 3944 904 4022 quaecunque
933 3915 970 3991 in
1002 3915 1127 3993 Corais
1160 3916 1206 3992 de

92 4051 296 4128 recentiore
321 4049 440 4151 lingda
465 4053 632 4151 operibus
657 4051 716 4128 vel
737 4051 888 4142 omissa,
920 4049 978 4128 vel
1009 4076 1083 4125 non
1118 4049 1238 4123 satis·

92 4195 193 4260 recte
219 4183 392 4286 explicata
419 4193 544 4258 essent
569 4185 621 4258 sic
647 4182 959 4284 complecteretur,
990 4193 1033 4256 ut
1052 4143 1209 4280 'supplef

93 4327 255 4394 mentum
280 4316 403 4393 haberi
428 4325 555 4420 posset
580 4314 763 4396 doctrinae
789 4316 1040 4419 grammaticae
1072 4311 1116 4385 ab
1147 4308 1209 4382 illo

809 4489 912 4530 *aar*
