2908 4914
207 371 215 387 ,
256 337 340 388 tvm

257 507 296 581 in
327 503 468 606 vulgari
494 501 614 601 lingua
646 495 824 572 fundatae.
875 489 1043 598 Quodsi
1075 495 1247 586 lacerem,
1280 501 1376 576 scie.

259 639 341 712 barn
365 636 453 726 lore,
477 643 519 710 ut
543 632 624 707 libri
648 627 762 706 moles
789 627 894 706 valde
919 638 1150 704 accresceret.
1184 627 1291 740 Duae
1312 659 1376 712 au.

258 779 334 844 tem
364 767 508 843 luerunt
539 761 701 840 mutandi
731 760 872 838 consilii
904 787 1042 837 causae.
1097 757 1240 852 Altera,
1273 770 1375 864 quod

260 901 346 976 mibi
371 898 595 1000 bibliopolae,
621 893 867 971 honestissimi
884 893 962 983 viri,
987 894 1078 969 ratio
1101 891 1267 970 habenda
1285 911 1373 991 erat,

262 1035 325 1134 qui
348 1033 478 1107 librum
503 1031 651 1132 exiguae
675 1026 779 1103 molis
805 1051 887 1103 esse
910 1024 1063 1103 volebat.
1111 1025 1248 1118 Altera,
1274 1035 1373 1130 quod

263 1191 374 1265 quum
403 1163 509 1265 pauci
540 1162 647 1237 etiam
669 1185 766 1236 nunc
798 1159 888 1248 sint,
925 1159 988 1260 qui
1017 1158 1155 1233 recenti
1187 1161 1372 1261 graecitati

262 1323 407 1398 operam
433 1293 528 1386 dent,
553 1295 674 1396 plures
699 1290 939 1392 intelligebam
963 1289 1120 1380 loturos,
1153 1291 1216 1390 qui
1241 1292 1279 1366 in
1304 1293 1372 1372 hoc

262 1428 529 1506 Commentario
554 1453 613 1504 res
638 1435 742 1502 notae
769 1434 806 1499 et
830 1422 963 1512 faciles,
983 1449 1089 1522 quam
1103 1421 1165 1523 qui
1179 1424 1320 1523 ignotas
1338 1439 1372 1504 et

263 1561 425 1637 difficiles
451 1561 521 1662 sibi
546 1559 677 1660 exponi
701 1555 843 1634 vellent.
904 1555 1136 1654 Quapropter
1168 1554 1220 1630 sic
1256 1559 1372 1661 expla-

262 1692 345 1768 nari
371 1715 513 1766 carmen
537 1689 750 1777 Zenianum‚
775 1697 817 1761 nt
842 1711 883 1759 ea
908 1685 1025 1760 omnia
1048 1686 1088 1758 in
1120 1685 1251 1786 quibus
1284 1694 1371 1767 anti-

263 1823 328 1924 qui
352 1821 528 1898 sermonis
554 1819 669 1928 gnari,
693 1819 904 1912 recentioris
931 1827 1050 1892 autern
1081 1817 1195 1919 ignari
1225 1820 1370 1900 haerere

263 1965 425 2057 possent,
450 1953 610 2034 breviter
633 1951 856 2030 illustrarem.
911 1951 955 2026 In
981 1977 1052 2050 quo
1077 1952 1222 2050 negotio
1248 1978 1369 2056 super-

263 2087 392 2162 sedere
417 2095 579 2186 poteram
603 2085 661 2162 vel
685 2085 864 2184 Ducangii
891 2083 1131 2176 Glossarium,
1161 2083 1215 2161 vel
1239 2083 1365 2159 Corais

263 2241 382 2316 opera,
407 2215 464 2292 vel
489 2216 727 2290 recentiorum
753 2215 975 2316 quorundam
1000 2214 1298 2317 grammaticorum
1321 2214 1359 2287 li·
1434 2249 1435 2274 ÷

262 2347 377 2423 bellos
403 2346 523 2424 citare.
572 2347 763 2450 Quidquid
789 2347 881 2423 enim
908 2346 980 2422 dixi
1004 2346 1054 2424 ita
1080 2359 1216 2426 certum
1241 2356 1304 2435 est,
1326 2355 1368 2420 ut
1434 2359 1435 2370 ¹

262 2479 393 2556 nullius
419 2482 628 2560 testimonio
653 2492 766 2587 egeat.
816 2481 891 2559 Sed
910 2507 1020 2582 quum
1038 2507 1145 2582 quam
1163 2477 1371 2557 brevissime

263 2617 382 2690 omnia
412 2626 566 2692 tractare
597 2618 684 2692 mibi
714 2617 936 2719 propositum
974 2623 1087 2701 esset,
1125 2638 1276 2689 necesse
1307 2609 1376 2684 luit

263 2769 522 2843 saepenumero
548 2743 696 2812 aliorum
727 2743 838 2810 libros
865 2739 1026 2832 allegare,
1058 2748 1099 2806 ut
1127 2740 1285 2830 lectores
1313 2741 1379 2814 ad.

261 2893 454 2954 monerem,
479 2865 540 2938 ubi
564 2863 666 2962 plura
691 2863 736 2934 de
762 2870 987 2958 argumento,
1013 2859 1058 2933 de
1084 2861 1156 2959 quo
1181 2863 1274 2937 sorte
1301 2875 1384 2969 agi.

261 3011 330 3088 tur,
357 2996 452 3072 dicta
477 3001 609 3070 essent.
648 2989 760 3091 Quod
785 3015 858 3064 non
884 3017 927 3065 eo
953 2988 1044 3084 dico,
1071 3019 1142 3096 quo
1163 2994 1382 3096 significem,

262 3127 448 3232 scriptoris
474 3153 495 3203 a
518 3149 576 3202 me
601 3123 744 3199 excitati
770 3127 1002 3218 seutentiam,-
1032 3128 1080 3204 ita
1110 3127 1198 3203 mihi
1229 3153 1383 3232 semper

262 3257 422 3362 probari,
455 3267 495 3332 ut
518 3281 586 3330 neo
612 3255 709 3356 quod
735 3256 880 3348 addam,
914 3285 982 3332 nec
1008 3263 1105 3360 quod
1131 3262 1285 3360 demam,
1311 3289 1382 3339 nc-
1434 3347 1435 3358 χ

263 3413 334 3489 que
356 3386 522 3477 omnino,
550 3389 648 3489 quod
680 3389 855 3494 corrigam
887 3414 969 3464 esse
1002 3390 1089 3464 mihi
1118 3389 1258 3467 videam
1290 3397 1379 3472 reli·
1434 3379 1435 3456 l

262 3528 369 3596 ctum.
425 3517 539 3595 Immo
564 3518 715 3624 plurima
741 3533 828 3600 sunt
850 3520 921 3599 illis
952 3521 1043 3625 ipsis
1073 3522 1270 3623 Ducangii,
1302 3525 1377 3604 Co-

261 3649 333 3726 rais
362 3649 582 3756 aliorumque
607 3652 707 3746 locis,
729 3657 778 3731 ad
804 3633 896 3757 quos
913 3655 1066 3732 lectores
1084 3655 1250 3758 relegavi,
1277 3683 1374 3756 quae

261 3788 440 3891 corrigere
465 3789 683 3892 potuissem,
701 3789 733 3865 si
757 3787 796 3863 in
820 3787 889 3864 hoc
913 3789 1098 3866 brevitatis
1125 3788 1245 3867 studio
1271 3791 1376 3864 relel·

260 3915 376 3995 lendis
409 3917 558 3996 aliorum
590 3923 769 3999 erroribus
801 3948 928 3999 vacare
959 3921 1131 3999 licuisset
1186 3919 1376 3998 Interdum

261 4049 356 4125 enim
381 4073 432 4141 ea,
457 4053 496 4126 in
522 4053 650 4154 quibus
676 4057 738 4133 isti
761 4066 966 4158 peccarunt,
991 4056 1166 4156 ejusmodi
1196 4063 1299 4143 sunt,
1331 4066 1375 4130 ut

260 4183 427 4260 uberiore
453 4183 693 4284 disputatione
720 4213 811 4291 opus
837 4189 896 4281 sit,
922 4217 991 4291 qua
1018 4186 1227 4276 lectoribus,
1251 4183 1375 4284 vulga·

202 4381 209 4392 ,
259 4317 311 4393 ris
336 4315 476 4420 linguae
500 4317 659 4395 nondum
683 4323 825 4424 peritis,
856 4321 936 4398 illos
962 4320 1081 4422 lapsos
1113 4344 1194 4394 esse
1226 4341 1374 4419 persua·
