2870 4874
15 434 17 438 ¹
93 409 142 475 At
161 420 207 491 tu,
229 409 390 489 Maesta,
412 404 581 494 praeclsm
601 418 674 474 utet
693 406 775 490 fillo,

40 545 43 550 ’
93 539 209 622 eredo,
230 552 265 606 ot
286 561 358 606 stam
379 537 557 617 confidens,
578 535 733 606 hodierno
755 541 824 621 dio,

92 681 125 734 to
148 671 382 758 opitulaturam
400 689 471 734 esso
493 667 650 748 munitlun
672 689 748 742 narn
765 671 806 734 in
827 670 946 756 templo
968 683 1023 736 tuo

93 801 276 886 tripudiant
296 819 408 864 omnes
430 809 463 862 ct
483 797 616 879 saltant,
638 801 833 886 aspicientes
854 817 945 864 aram
966 813 1065 884 tuam,

96 951 177 1011 quac
199 941 249 994 est
269 931 367 1017 plcna
388 931 599 1022 victimarum,
611 949 660 1000 ‚ac
682 930 883 996 delectantur
905 932 1029 1012 nidore,

7 1110 13 1118 .
96 1071 129 1124 et
150 1063 274 1148 vesperi
296 1060 543 1146 congregantur,
564 1061 688 1144 singuli
710 1072 748 1126 ut
768 1072 913 1128 coenent.

28 1212 33 1224 ’
94 1191 279 1280 Respondit
299 1191 426 1258 illaasso
449 1203 542 1278 pater
563 1193 609 1256 mi
631 1193 798 1258 carissime

95 1317 244 1386 Muribus
266 1323 409 1408 adjutrix
430 1343 498 1388 non
518 1322 563 1388 fio
585 1343 733 1404 rmquom.

97 1451 204 1518 Multa
226 1451 313 1516 melu
334 1454 392 1516 isti
413 1453 546 1539 pessimi
567 1453 709 1516 inierunt
730 1452 835 1532 donis,

97 1604 178 1666 quae
200 1583 339 1648 offerunt
360 1582 509 1648 homines
531 1583 567 1646 in
589 1581 743 1668 templum
765 1581 905 1666 singulis
926 1581 1033 1658 horis,

96 1714 141 1782 Et
160 1726 292 1802 proptor
315 1715 420 1780 oleum
442 1714 589 1794 caedunt,
612 1725 646 1776 ct
666 1725 876 1801 corrumpunt
889 1713 1038 1779 lucernas
1054 1711 1203 1796 olearias,
1296 1737 1305 1752 ·

99 1867 139 1911 ac
160 1866 258 1932 super
280 1847 401 1910 mensis
423 1845 545 1909 rodunt
564 1844 722 1910 mantilia

102 1979 317 2056 Quaecunque
323 1973 491 2054 (denique)
501 1973 567 2036 alia
573 1975 749 2062 reperiunt,
760 1993 799 2038 ea
813 1975 922 2038 omnia
927 1974 1085 2038 invadunt
1095 1975 1207 2040 codem

102 2103 320 2186 (Unum)hoc‚
334 2105 416 2185 quod
427 2104 551 2168 dictura
562 2123 643 2184 sum,
655 2123 706 2171 me
717 2103 849 2194 offencfit
857 2103 1039 2191 plurimum.
1086 2101 1205 2190 [modo.
1293 2124 1304 2142 ‘

99 2236 270 2334 Laboravi,
293 2247 326 2298 et
347 2236 422 2300 nevi
443 2234 689 2300 subtilissimum
710 2248 846 2316 stamen,
877 2290 883 2325 ‚

99 2369 200 2448 texui,
222 2378 256 2430 et
277 2368 329 2432 sui
351 2375 412 2452 c'go
434 2368 507 2453 ipsa
528 2350 616 2447 soltn‘

99 2510 223 2564 vestem
245 2499 317 2576 leci,
340 2497 602 2562 candidissimam
624 2496 760 2584 pullam3

101 2629 145 2692 In
167 2645 208 2690 ea
229 2588 481 2699 veroxlecerunt,
505 2623 588 2702 quod
610 2623 657 2684 eis
679 2623 810 2706 placuit.

105 2757 223 2821 Totum
245 2763 460 2833 corroserunt,
483 2763 516 2816 et
537 2752 697 2816 foramina
718 2754 754 2816 in
776 2749 815 2817 ea
837 2752 991 2834 fecerunt,

106 2889 143 2951 in
164 2888 236 2972 ipsa
258 2903 326 2948 non
346 2884 502 2948 remansit
522 2884 684 2968 integrum
706 2883 758 2948 vel
778 2905 878 2948 unum
899 2883 999 2948 filum.

105 3018 146 3081 In
169 3016 236 3080 illis
263 3017 410 3082 omnibus
431 3013 527 3078 mulis
550 3025 582 3076 et
603 3011 666 3075 hoo
687 3013 785 3078 simul
805 3028 870 3078 est:

105 3169 172 3212 non
194 3147 303 3224 habui,
326 3146 384 3207 sed
406 3155 550 3207 mutuam
571 3145 693 3230 sumpsi
720 3147 760 3210 ab
782 3145 850 3208 alia
872 3146 1002 3210 texendi
1019 3149 1210 3230 'matoriann
1281 3229 1282 3232 Ἴ

107 3289 141 3342 et
164 3273 277 3356 (nunc)
299 3274 373 3353 illa,
397 3294 478 3355 quae
499 3273 585 3338 hanc
607 3281 749 3340 mutuam
771 3239 959 3357 dedit‚¹vult
979 3278 1043 3344 sibi
1065 3281 1210 3361 restitui;
1256 3291 1264 3314 '

107 3407 249 3506 postpdat
269 3427 320 3470 me
342 3418 509 3494 praetcrea
531 3427 661 3472 usuram
674 3408 865 3494 persolvero.

108 3541 288 3626 Propterea
311 3539 399 3624 ipsos
421 3538 566 3625 vitupero
589 3549 622 3601 et
643 3540 847 3604 inimicitiam
868 3503 1021 3605 adversus
1043 3516 1100 3602 eos
1122 3559 1211 3620 gero,

109 3691 147 3734 ac
168 3691 256 3762 nune
277 3689 345 3732 non
367 3667 511 3733 auxilior
533 3669 580 3731 eis
602 3669 638 3731 in
660 3670 941 3734 suatnccessitate·

110 3798 179 3862 Sed
200 3799 279 3862 licet
299 3799 352 3862 his
374 3800 462 3864 irata
483 3799 555 3879 sim,
578 3801 722 3864 muribus
745 3799 828 3878 dico,
851 3821 870 3862 o
893 3799 1048 3884 Iuppiter,

110 3940 220 3992 tamen
242 3946 302 3988 nec
324 3929 413 3992 ranis
434 3949 491 3992 ero
513 3929 634 3994 auxilio
657 3929 726 3992 ulli.

111 4057 201 4123 Sunt
221 4067 257 4143 pt
278 4054 356 4118 illae
377 4057 540 4120 dementes
562 4057 656 4137 (quis
677 4059 725 4121 cis
748 4056 968 4144 opituleturl)‚

112 4199 188 4255 sunt
210 4199 243 4251 ct
265 4187 426 4252 clamosae
449 4198 481 4248 et
495 4186 655 4252 molestae
677 4200 802 4254 natura.
