2908 4914
232 268 277 316 Xla

236 435 313 511 viro
339 424 491 534 egregio,
518 432 580 531 qui
603 425 700 529 quod
725 428 851 528 potuit,
877 424 1054 526 priestitit
1079 422 1204 523 peritis
1229 423 1348 500 leoto-

239 567 339 640 ribus
363 563 501 651 menda,
524 589 619 661 quae
643 563 681 634 iu
704 559 774 632 hoc
798 561 1009 632 immensum
1023 551 1026 560 ’
1041 579 1135 654 opus
1155 571 1349 657 scirrepse-

240 705 333 784 runt,
365 693 573 794 corrigenda
605 692 821 790 relinquens.
878 689 970 764 Post
999 686 1224 786 Ducaugium
1254 689 1350 764 nihil

241 827 316 900 lere
346 819 572 900 memorabile
604 823 642 895 in
677 821 747 896 boc
784 819 978 896 litterarum
1014 839 1144 916 genere
1181 818 1349 917 publicae

149 994 157 1007 ·
242 955 313 1048 luci
344 956 544 1055 expositum
577 963 634 1026 est
663 961 805 1052 praeter
837 977 933 1042 eam,
968 975 1074 1050 quam
1109 949 1348 1027 Adamantius

244 1086 379 1161 Coraes
404 1083 572 1174 secundo,
599 1093 727 1183 quarto
753 1092 791 1156 et
815 1083 940 1182 quinto
957 1077 1238 1156 rov’Araaaov·
1247 1090 1347 1156 tomo

243 1217 394 1291 inseruit
424 1216 606 1290 materiam
638 1215 788 1292 evariis
820 1213 1052 1314 scriptoribus
1077 1220 1121 1284 et
1153 1210 1349 1311 lexicogra-

116 1427 123 1454 Ι
244 1347 325 1447 ptris
357 1347 556 1438 collectam,
587 1373 678 1448 quae
714 1345 843 1420 suturis
877 1345 1070 1418 lexicorutu
1103 1341 1352 1426 conditoribus¹

245 1479 413 1578 proderit.
469 1479 651 1579 Quattuor
681 1477 820 1576 priores
849 1475 956 1575 hujus
989 1472 1108 1575 operis
1137 1483 1257 1549 tomos
1289 1501 1345 1550 ex-

245 1611 370 1686 tremis
394 1613 488 1687 vitae
519 1611 621 1683 annis
639 1608 843 1680 amicorum
873 1615 1006 1705 rogatu·
1031 1604 1164 1693 emisit,
1197 1605 1346 1704 quintus

246 1748 330 1838 post
355 1742 431 1836 ejus
457 1738 592 1812 obitum
617 1738 654 1810 in
678 1736 792 1808 lucem
818 1735 976 1835 prolatus
1002 1745 1090 1810 est·
1116 1733 1253 1811 Verum
1278 1738 1347 1813 boc

246 1869 409 1944 ultimum
434 1867 560 1946 Corais
586 1863 768 1942 doctrinae
793 1875 903 1966 atque
925 1868 1058 1969 ingenii
1076 1867 1257 1966 specimen
1272 1897 1347 1944 nou

246 1999 296 2074 ita
326 2001 519 2099 expolitum
552 2011 624 2092 est,
657 2009 699 2075 ut
728 1999 959 2098 expolivisset
987 1985 1043 2075 vir
1073 1999 1236 2090 eximius,
1273 2002 1345 2079 uisi

246 2131 316 2225 jam
346 2130 440 2204 vires
474 2129 519 2203 ad
548 2129 619 2202 hoc
649 2155 772 2202 senem
803 2129 1028 2204 defecissent.
1086 2128 1200 2204 Pudet
1224 2127 1341 2201 dicere

248 2256 294 2329 de
318 2258 493 2359 Weigelii
518 2269 555 2333 et
578 2257 750 2334 Schmidii
774 2257 918 2351 libellis,
950 2289 970 2334 e
1003 2263 1133 2362 quibus
1164 2261 1243 2362 plus
1265 2257 1342 2334 falsi

248 2415 361 2488 quam·
385 2391 461 2465 veri
494 2389 622 2466 discas.
682 2391 826 2490 Neque·
843 2391 928 2469 bero
955 2393 1097 2469 silentio
1121 2395 1346 2494 praetercun-

248 2519 332 2592 dum
369 2531 457 2622 puto
489 2540 636 2624 parvum
669 2522 757 2598 illud
791 2523 974 2624 Dehoquii
1011 2526 1161 2600 lexicon
1192 2525 1348 2624 recentis

247 2651 463 2726 Graecorum
489 2655 638 2756 linguae,
665 2653 761 2753 qnod
787 2681 867 2728 cum
893 2659 1125 2755 explicatione
1143 2657 1265 2752 gallica
1282 2657 1350 2728 Pa-

247 2782 343 2859 risiis
360 2786 451 2856 1825
461 2785 680 2880 publicatum
698 2785 764 2859 est}
792 2785 1004 2884 Debbquius
1030 2782 1097 2854 etsi
1116 2782 1256 2854 errandi
1274 2793 1348 2852 tain'

248 2905 376 3008 paiens
404 2921 469 3000 est,
496 2939 602 3011 qnam
627 2913 685 2986 alii
709 2916 849 3016 prodigi
872 2915 1023 3001 suerunt,
1042 2921 1161 2983 tamen
1179 2910 1347 3006 quoniam

246 3037 396 3138 plurima
419 3043 589 3126 vocabula
614 3053 651 3118 et
675 3044 844 3146 loquendi
869 3045 997 3145 genera
1023 3040 1158 3131 omisit,
1192 3042 1346 3141 quaein

247 3169 324 3246 aliis
348 3173 470 3250 lexicis
495 3176 825 3276 nonexplauautur
848 3175 906 3252 vel
930 3173 1241 3264 maletvertuutun
1272 3200 1347 3248 uon

214 3294 216 3299 ¹
246 3326 419 3396 maguum·
436 3303 661 3388 discentibus
682 3305 904 3381 commodum
923 3303 1050 3380 attulit.
1088 3305 1256 3400 Denique
1272 3331 1347 3377 uon

246 3453 393 3526 prorsus
420 3431 658 3530 spernendum
685 3447 742 3510 est
765 3438 914 3525 lexicon,
941 3435 1038 3536 qnod
1061 3432 1261 3532 Zalico'glus
1278 3431 1347 3506 Pa-

246 3557 341 3632 risiis
370 3563 461 3633 1809
486 3560 758 3657 imprimendum
783 3567 927 3644 curavit.
976 3567 1017 3640 lu
1045 3591 1118 3666 quo
1141 3565 1248 3642 verba
1275 3564 1347 3662 gal·

245 3690 313 3764 lica
336 3691 455 3768 verbis
475 3688 696 3766 domesticae
722 3693 942 3768 Graecorum
971 3697 1114 3797 liuguae
1137 3695 1345 3787 redduntur,
1438 3728 1441 3812 p

245 3821 310 3892 sed
334 3823 420 3896 illud
444 3824 633 3924 praecipue
656 3823 937 3924 vituperandum
968 3829 1125 3917 videtur,
1158 3827 1306 3927 quoda
1286 3855 1347 3902 ιι-ιι
1440 3837 1441 3900 t

112 3996 115 4001 ·
205 3935 210 3940 ⁴
245 3958 332 4037 ctor,
358 3953 500 4047 quaudo
525 3981 633 4033 voces
659 3957 820 4058 proprias
843 3959 1013 4048 nescivit,
1024 3961 1171 4082 ineptis
1197 3960 1345 4032 circum·

244 4077 481 4156 locutionibus
508 4111 595 4161 usus
622 4100 688 4164 est.
735 4087 890 4164 Sedt
835 4098 890 4164 sat
892 4089 922 4163 is
947 4091 993 4164 de
1017 4073 1151 4168 lexicis

386 4210 540 4302 Primus,
567 4220 664 4318 quod
690 4221 808 4310 sciam,
835 4220 897 4320 qui
922 4223 1197 4308 Granmatiecm
1230 4248 1343 4322 POPU·
