2870 4874
228 154 276 239 72

228 351 323 414 nibus
350 341 446 434 'saepe
473 344 644 437 inseritur,
672 342 728 407 ubi
754 359 822 406 non
848 341 1013 429 praecedit
1039 341 1213 424 digamma.
1266 343 1356 410 Hac

229 471 356 546 tatione
377 459 499 550 πταίγω
527 487 586 553 pro
615 456 732 542 araim,
754 455 879 546 κλαίγω
901 485 958 551 pro
978 455 1079 524 arbaim
1102 463 1230 527 dicitur.
1278 467 1355 532 His

230 592 449 671 similibusque
482 588 656 675 exemplis,
694 588 808 668 quibus
842 587 984 652 abundat
1016 587 1178 664 recentior
1210 585 1350 672 lingua,

230 714 361 784 evidens
383 722 443 791 est,
466 712 693 795 cognationem
715 710 874 791 quandam
895 730 967 772 esse
990 710 1076 778 inter
1099 728 1229 791 gamma
1242 721 1278 774 et
1294 713 1352 776 di.

232 855 377 919 gamma,
406 834 445 897 de
472 834 597 915 quain
625 831 865 898 Commentario
887 831 929 894 ad
951 805 1285 916 Ptocbop'rodromum
1311 857 1347 921 p.

232 955 285 1024 63.
308 977 393 1048 seqq.
438 956 558 1024 Coraes
580 955 731 1018 disseruit
753 972 873 1033 nosque
896 952 998 1020 fusius
1026 951 1347 1041 aliquando'dispu.

232 1090 301 1146 tare
323 1076 502 1142 statuimus.
548 1076 696 1156 Denique
718 1069 809 1150 πῆνα,
831 1078 921 1158 eujus
936 1065 1021 1140 ¹loco
1051 1075 1202 1138 nonnulli
1232 1079 1347 1142 minus

231 1208 320 1270 recte
341 1187 432 1267 πίννα
459 1197 619 1275 scribunt,
648 1197 837 1268 femininum
865 1196 1008 1259 doricum
1036 1195 1162 1268 videtur
1189 1198 1343 1282 adjectivi
1417 1261 1418 1280 .

205 1317 370 1386 *verbalis
397 1337 419 1382 a
445 1320 540 1382 verbo
569 1307 727 1399 πηγνύναι
753 1318 805 1381 vel
825 1306 945 1393 circem
965 1318 1109 1397 deducti,
1136 1319 1171 1390 id
1194 1323 1278 1400 quod
1302 1346 1345 1386 eo

232 1442 338 1524 magis
360 1440 525 1527 probabile
548 1451 607 1520 est,
631 1461 691 1522 quo
715 1444 820 1524 major
841 1440 1032 1504 similitudo*
1046 1451 1095 1502 est
1116 1462 1229 1505 vocum
1255 1439 1346 1524 μελί,

233 1580 349 1642 aaaron
370 1573 403 1628 et
424 1551 591 1642 μελόντηνα,
614 1583 747 1644 quarum
769 1564 859 1649 prior
880 1562 964 1648 apud
986 1573 1111 1631 veteres.
1132 1563 1233 1641 idem,
1257 1569 1346 1647 quod

233 1686 394 1772 posterior
416 1683 512 1748 hodie
534 1683 709 1768 signifieat.
733 1719 777 1729 -
803 1684 844 1748 In
867 1685 971 1750 verbis
993 1676 1014 1765 ᾗ
1036 1679 1346 1767 πολυσονσαμάταις

233 1808 324 1890 prior
351 1806 465 1880 vocula
492 1816 543 1872 est
569 1825 655 1869 nom.
683 1805 766 1892 plur.
795 1806 868 1874 iem.
897 1806 1026 1890 generis
1055 1807 1184 1874 articuli
1203 1797 1270 1895 'pro
1294 1807 1343 1882 ai,

232 1927 334 2002 Istam
356 1939 463 1996 autem
484 1929 619 1992 formam
642 1929 740 2003 etiam
757 1947 843 1998 nunc
860 1927 974 2012 vulgus
991 1939 1079 1992 amat
1095 1942 1128 1994 et
1139 1930 1343 1996 celebrat-2

233 2041 521 2130 πολυσουᾳαμάνος
543 2051 619 2132 quid
642 2052 695 2130 sit,
717 2051 774 2114 vix
796 2073 875 2137 opus
898 2061 948 2114 est
969 2051 1079 2114 multis
1102 2055 1206 2124 veihis
1235 2055 1341 2119 decla·

233 2169 309 2242 rari.
360 2171 549 2242 Tenendum
577 2172 814 2253 tantummodo,
845 2193 1005 2245 sesamum
1035 2193 1121 2237 nunc
1150 2178 1189 2239 ab
1224 2177 1333 2247 infima

231 2286 324 2374 plebe
346 2289 505 2375 appellari
526 2278 679 2370 σουσάμι,
702 2293 785 2372 quod
807 2293 1036 2362 deminutivum
1053 2318 1123 2360 csse
1139 2317 1244 2359 omnes
1259 2318 1335 2380 per-

232 2411 380 2496 spicient.
426 2411 538 2494 Itaque
559 2434 601 2477 ex
622 2404 732 2491 πολὺς,
755 2408 898 2498 occubitu
925 2428 958 2481 et
980 2417 1086 2494 latina
1110 2417 1337 2486 terminatione

233 2539 313 2605 ntus
334 2536 505 2608 formatum
528 2546 578 2599 est
599 2533 661 2608 hoc
683 2538 872 2606 vocabulum
899 2534 1193 2622 colocoocapoiroc.
1241 2538 1341 2610 Hanc
1417 2547 1418 2626 ζ

236 2654 374 2722 latinam
397 2659 600 2744 positionem,
627 2679 722 2741 quam
744 2663 849 2729 medio
872 2683 949 2726 aevo
967 2663 1083 2724 Graeci
1106 2665 1142 2725 in
1164 2683 1256 2734 suam
1269 2631 1342 2725 'lin2
1417 2711 1418 2720 ,

232 2797 329 2860 guam
351 2782 526 2847 transferre
549 2791 737 2866 coeperunt,
765 2779 875 2847 multis
898 2783 970 2864 jam
997 2776 1160 2848 vocabulis
1189 2801 1209 2840 a
1234 2782 1346 2844 Tbeo.

233 2871 311 2972 doro
339 2901 518 2974 Prodromo
547 2899 699 2966 adhibitis
727 2895 902 2970 adhaerere
929 2876 1087 2975 videmus,
1117 2895 1227 2978 qualia
1260 2916 1348 2970 sunt

232 3010 474 3101 cipvydotitoirog,
501 3010 883 3104 λαμπροπουκαμισάνος,
912 3009 1231 3103 μορφοπροσωπάτος,
1254 3045 1344 3102 ,ιιοιυτ

231 3133 462 3224 ροτρικαράνος,
513 3146 562 3220 Cl-
601 3145 717 3217 Corais
752 3146 994 3218 adnotationem
1026 3145 1068 3208 ed
1101 3143 1342 3231 Ptocboprodr.

134 3299 139 3309 x
230 3256 283 3330 lib·
307 3261 324 3330 Ι
346 3282 427 3332 vers.
448 3262 505 3334 ,59‘
514 3283 589 3344 pag.
614 3262 657 3326 43
680 3267 776 3335 etad
798 3265 1061 3336 Plutarchivol.
1084 3265 1120 3326 11
1141 3288 1216 3349 pag.
1241 3265 1317 3330 377.

361 3375 403 3446 V.
428 3375 480 3442 66.
524 3369 725 3456 ζακχαράτος
746 3383 939 3463 adjectivum
961 3381 1129 3452 deductum
1151 3402 1172 3445 a
1186 3371 1343 3467 ςάκχαρς,

232 3501 321 3582 cujus
344 3499 415 3570 loco
438 3497 564 3580 antiqui
591 3484 745 3580 σάκχαρν,
767 3491 901 3582 odanco
923 3514 956 3570 et
978 3489 1151 3583 σάκχαρον
1177 3505 1337 3576 dicebant.
1361 3589 1366 3595 ι

362 3622 405 3686 V.
429 3619 482 3694 67,-
527 3612 595 3703 rupi
616 3621 669 3686 vel
689 3614 795 3704 accior
811 3624 1041 3700 deminutivum
1057 3636 1106 3687 est
1122 3629 1338 3700 recentiorum

133 3785 142 3796 -
230 3763 321 3814 more
343 3744 397 3816 hic
418 3745 559 3833 positum
581 3765 639 3832 pro
662 3745 801 3832 simplici
822 3739 923 3827 roonis,
946 3748 1029 3830 quod
1050 3729 1137 3817 nunc
1160 3751 1338 3822 obsoletum

229 3876 289 3938 est.
312 3900 355 3924 v·
378 3860 526 3947 κοίμνουυ
547 3869 568 3933 i.
592 3889 618 3933 e.
640 3857 812 3948 κάμνουσι,
834 3880 871 3931 ut
893 3869 1114 3940 adllotavimus
1137 3872 1279 3943 advers.
1304 3872 1337 3941 3,..

360 3986 403 4048 V.
428 3986 480 4060 68,
527 3980 601 4060 οὐδὲ
623 3980 800 4070 μυζῆξνραις
822 3985 959 4062 ἁπαλαῖς
981 4013 1044 4064 nec
1059 3987 1227 4066 Laconici
1242 3991 1338 4058 casei

229 4103 379 4182 delicati·
427 4109 475 4182 Ci-
503 4108 651 4196 Ducang.
682 4111 792 4187 Gloss.
821 4116 901 4187 med.
933 4127 967 4191 et
994 4117 1052 4190 inl.
1077 4135 1180 4198 graec.
1204 4115 1337 4190 Tomi
