2908 4914
282 253 357 303 xm

283 419 363 496 Hae
386 443 501 498 novae
525 419 802 522 significationes
824 416 1013 521 aliquando
1034 419 1158 520 specie
1174 429 1397 517 tantum—no-

286 578 352 632 vae
368 562 463 644 sunt,
487 579 612 632 revera
637 555 814 654 antiquae,
835 553 1090 654 quippequac,
1109 552 1278 628 siminus
1300 558 1398 657 apud

287 684 482 785 scriptores
508 686 689 777 classicos,
712 695 833 760 tamen
856 684 894 756 in
918 684 1224 784 inscriptionibus*
1238 688 1397 787 antiquis

287 815 384 890 haud
412 845 493 893 raro
527 819 652 896 obviae
684 818 766 893 sint.
814 813 924 892 Unde
950 841 1011 890 aas
1036 826 1201 892 veterum
1218 845 1305 895 aevo
1320 818 1396 920 ple-

184 935 188 942 Α
288 949 387 1047 bejas
417 948 529 1024 fuisse
554 951 731 1049 conjicias.
781 949 875 1049 Quis
900 948 1009 1050 igitur
1033 947 1191 1038 dubitet,
1216 951 1302 1050 quin
1327 949 1397 1026 hac

289 1105 435 1180 quoque
458 1080 497 1153 in
521 1090 623 1182 parte
646 1082 826 1157 recentior
840 1081 960 1183 lingua
977 1080 1022 1154 ad
1043 1079 1299 1181 philologomm
1318 1094 1399 1158 stu-

289 1210 347 1286 dia
371 1211 558 1288 utilissima
576 1190 633 1288 ‘sit
650 1213 822 1289 habenda.
870 1212 1064 1291 Enimvero
1081 1238 1314 1312 quaecunque
1332 1242 1399 1292 vo·

290 1343 413 1418 cabula
437 1345 592 1421 recentis
619 1345 821 1448 graecitatis
837 1345 875 1419 in
894 1346 1118 1446 antiquorum
1135 1345 1304 1443 operibus
1322 1371 1395 1421 non
1439 1404 1440 1444 ,

290 1476 441 1578 amplius
466 1489 676 1579 supersunt,
707 1507 753 1554 ne
785 1479 967 1555 exstitisse
1000 1475 1143 1576 quidem
1174 1475 1259 1547 olim
1290 1499 1390 1548 nemo

290 1610 449 1710 prudens
469 1612 564 1704 ausit
580 1612 807 1685 contendere.
859 1610 954 1685 Sunt
970 1617 1085 1684 autam
1101 1607 1161 1682 illa
1178 1607 1307 1708 partim
1326 1607 1395 1708 pri·

289 1741 422 1832 mitiva,
448 1740 544 1814 unde
570 1741 728 1816 derivata
751 1751 891 1816 tantum
914 1741 1087 1820 vocabula
1117 1740 1155 1813 in
1178 1740 1331 1817 vetustis
1355 1739 1396 1812 li-

290 1871 365 1947 bris
388 1897 485 1947 nunc
509 1870 670 1974 legimus,
695 1875 824 1975 partim
849 1873 1016 1966 derivata,
1043 1899 1194 1974 quornm
1217 1871 1397 1970 primitiva

288 2004 397 2081 modo
421 2006 529 2083 verba
546 2016 708 2084 veterum
725 2009 858 2109 scripta
874 2009 1068 2096 continent,
1091 2007 1222 2107 partim
1237 2001 1295 2080 vel
1312 2004 1397 2078 sim·
1439 2095 1440 2110 χ

290 2134 395 2234 plicia
419 2135 477 2211 vel
503 2139 711 2236 composita,
739 2162 895 2236 quorum¹
909 2137 1077 2210 alterutra
1103 2136 1221 2211 solum
1244 2137 1280 2211 in
1303 2136 1393 2208 anti-

225 2258 234 2276 '
291 2290 443 2362 quornm
469 2266 637 2364 operibus
662 2267 784 2341 relicta
813 2278 907 2344 sunt.
957 2269 1111 2344 Tantam
1128 2271 1317 2346 verborum
1334 2265 1390 2339 ad-

289 2395 360 2469 huc
378 2396 618 2495 ignoratorum
636 2399 774 2500 copiam
793 2402 937 2477 nonnisi
954 2402 1106 2477 maxiino
1124 2427 1202 2476 cum
1222 2401 1397 2473 bonarum

287 2529 485 2606 litterarum
523 2530 736 2608 detrimento
777 2535 957 2612 contemni
993 2561 1103 2636 posse
1134 2539 1293 2633 apertum
1326 2540 1400 2603 est.
1440 2581 1441 2592 2

288 2660 478 2738 Caeterum
505 2693 577 2764 quo
602 2666 722 2764 plures
747 2667 782 2739 in
810 2669 925 2743 lucem
948 2671 1175 2766 proferuntur
1192 2661 1401 2760 inscriptio-

287 2819 353 2869 nes
378 2803 553 2880 vetustae,
578 2820 622 2866 eo
647 2797 748 2894 plura
779 2796 957 2869 inferioris
989 2788 1190 2889 graecitatis
1221 2789 1401 2865 vocabula

287 2922 490 3020 antiquitati
513 2922 748 3001 vindicantur.
809 2923 905 3023 Quis
938 2919 1031 2992 enim
1063 2915 1147 2989 olim
1171 2915 1399 3016 ἄρχοντεύω

287 3062 325 3126 et
349 3049 588 3152 ἀρχόντισσα
612 3081 679 3155 pro
705 3053 866 3156 genuinis
890 3059 1052 3129 veterum
1076 3048 1224 3128 vocibus
1249 3048 1400 3126 habuis-

288 3195 355 3275 set,
382 3211 474 3285 qnae
498 3209 595 3261 nnnc
621 3211 665 3258 ex
688 3159 918 3259 Boeckhiano
944 3183 1217 3284 inscriptionum
1242 3209 1397 3282 corpore

285 3315 409 3389 lexicis
434 3314 556 3388 inserri
581 3325 742 3416 possunt.
793 3315 941 3417 Quippe
965 3315 1001 3389 in
1028 3315 1097 3388 hoc
1129 3315 1233 3412 quasi
1263 3315 1309 3384 de
1340 3315 1398 3386 in-

286 3446 423 3522 dustria
458 3443 561 3520 multi
597 3455 758 3547 peccant,
794 3449 908 3550 quod,
944 3467 1179 3549 quaecunque
1213 3439 1399 3518 neminem

285 3579 445 3655 florentis
471 3580 597 3655 aetatis
623 3577 838 3678 scriptorum
861 3603 1056 3680 usurpasse
1085 3576 1225 3664 vident,
1259 3597 1300 3646 ea
1332 3572 1397 3648 illo

287 3739 376 3790 aevo
401 3739 447 3786 ne
472 3709 543 3785 dici
568 3710 713 3811 quidem
731 3716 893 3812 potuisse
911 3712 1096 3784 affirmant.
1138 3705 1213 3783 Sed
1232 3714 1270 3779 ut
1285 3702 1395 3778 fidem

286 3845 458 3921 habemns
484 3844 665 3946 Hesychia
691 3843 841 3943 aliisque
865 3841 1143 3943 lexicographis,
1174 3838 1237 3912 nbi
1260 3861 1394 3910 memo·

285 3984 366 4050 rant
390 4001 509 4066 voces,
536 4004 625 4075 quas
651 3977 782 4051 frustra
813 4001 964 4075 quaeras
990 3974 1028 4046 in
1058 3973 1288 4072 antiquorum
1318 3993 1393 4040 mo·

285 4106 477 4196 numentis,
501 4105 551 4179 ita
576 4108 692 4182 nostri
716 4106 888 4209 temporis
923 4106 1060 4208 vulgari
1092 4099 1291 4178 Graecitati
1318 4121 1392 4171 non

233 4300 238 4306 .
285 4238 459 4313 minorem
488 4235 595 4310 fidem
622 4238 782 4313 tribuere
813 4237 1003 4331 debemuS,
1038 4234 1250 4338 praesertim
1281 4254 1392 4330 quum
