2908 4914
1131 349 1195 400 xlx

83 523 229 624 linguae
264 518 439 603 studium,
479 491 603 615 paucis
641 511 836 589 declarabo.
886 515 991 591 Licet
1014 518 1193 596 recentior

80 655 206 756 lingua
229 651 340 727 multa
364 644 548 735 vocabula,
572 645 701 720 multas
726 647 908 722 nominum
926 651 1191 753 verborumque

78 773 218 861 formas
236 795 274 856 et
291 777 578 880 significationes,
594 775 724 852 multas
741 779 943 878 particulas,
968 791 1076 882 atque
1101 783 1192 860 adeo

78 917 297 1018 syllabarum
316 911 548 1012 quantitatem
567 909 734 1000 amiserit,
757 937 798 984 ac
815 920 1000 1010 praetcrea
1016 939 1090 988 non
1106 943 1191 1015 pau-

45 1070 48 1080 ·
79 1075 144 1123 cas
169 1073 277 1126 voces
301 1044 544 1144 loquendique
567 1041 738 1119 formulas
763 1043 955 1134 contineat,
982 1071 1074 1144 quae
1095 1046 1191 1148 apud

76 1190 223 1257 veteres
248 1204 321 1253 non
346 1176 527 1280 leguntur,
561 1174 718 1276 denique
742 1175 780 1250 iu
811 1176 999 1254 nectendis
1030 1178 1188 1278 periodis

75 1311 336 1410 struendisque
361 1308 550 1385 sententiis
574 1307 754 1408 paululum
768 1305 1190 1410 differatabantiqua,ni·

73 1443 271 1516 hilominus
284 1449 419 1515 tantam
434 1467 514 1514 cum
526 1439 585 1512 illa
599 1439 864 1514 similitudinem
872 1441 1078 1515 etiamnunc
1087 1443 1190 1542 gerit,

74 1585 250 1676 utparum
267 1571 369 1662 absit,
387 1571 475 1672 quin
489 1569 638 1644 eandem
656 1569 812 1670 linguam
826 1596 908 1644 esse
921 1571 1028 1644 dicas.
1047 1572 1187 1647 Idcirco

76 1707 224 1782 dubium
242 1717 309 1795 est,
326 1715 445 1779 utrum
464 1729 509 1778 ex
525 1701 726 1778 recentiore
743 1727 909 1778 sermone
928 1702 973 1776 ad
990 1702 1186 1803 antiquum,

74 1867 123 1914 an
149 1866 194 1913 ex
218 1839 365 1936 antiquo
385 1837 430 1910 ad
446 1836 683 1910 recentiorem
700 1834 827 1910 melius
847 1835 1058 1935 capiendum
1073 1838 1186 1936 major

74 1968 257 2042 redundet
280 1966 432 2056 utilitas3
456 1965 544 2038 illud
567 1991 640 2038 non
665 1965 822 2055 dubium,
848 1965 936 2064 quin
958 1975 1113 2064 uterque
1138 1967 1186 2040 al-

72 2099 144 2176 teri
169 2097 350 2200 egregium
375 2095 499 2171 alferat
522 2094 652 2170 lumen.

220 2229 278 2306 Ac
302 2228 455 2330 primum
480 2228 624 2329 quidem
655 2228 688 2304 si
713 2227 795 2328 quis
819 2229 858 2302 in
882 2227 1089 2308 uuiversum
1118 2257 1182 2308 no·

74 2363 141 2440 stri
166 2363 245 2440 aevi
269 2362 499 2462 graecitatem
523 2389 603 2436 cnm
619 2371 696 2436 tota
714 2361 942 2477 antiquorum
960 2361 1078 2464 lingua
1097 2390 1182 2440 con-

72 2495 182 2584 serat,
212 2495 369 2593 reperiat
399 2495 513 2594 prima
542 2493 671 2582 fronte,
695 2493 808 2590 magis
836 2520 914 2567 eam
939 2495 1110 2570 accedere
1134 2497 1180 2572 ad

73 2625 291 2723 scriptorum
303 2623 634 2706 ecclesiasticorum,
648 2621 946 2716 arationumque,
957 2648 1065 2718 porro
1076 2626 1181 2698 scho-

73 2756 256 2828 liastarnm
282 2761 390 2851 atque
415 2759 601 2824 auctorum
624 2748 797 2824 historiae
814 2749 1032 2850 Byzantinae
1051 2754 1180 2830 oratio·

70 2911 164 2975 nem,
191 2909 297 2984 quam
316 2881 538 2958 adllorentis
558 2881 685 2957 aetatis
704 2880 846 2959 dicendi
863 2909 987 2985 genus.
1036 2883 1178 2962 Verun-

71 3029 191 3092 tamen
214 3016 330 3093 varias
355 3015 445 3106 illas,
471 3041 562 3114 quae
585 3015 624 3088 iu
637 3015 789 3090 Graecia
812 3015 919 3090 hodie
936 3017 1175 3112 inveniuntur,

72 3148 243 3224 dialectos
268 3147 460 3247 populares
477 3147 717 3247 perscrutanti
733 3157 869 3224 certum
887 3149 1075 3240 videbitur,
1094 3177 1182 3250 per-v

70 3281 179 3356 multa
206 3307 249 3354 ex
274 3279 522 3379 antiquissimo
549 3279 769 3356 Graecorum
793 3306 959 3356 sermone
984 3280 1174 3386 invulgati

70 3412 238 3512 loquendi
262 3439 371 3488 more.
386 3421 588 3514 superesse.
603 3415 633 3509 *)
684 3412 790 3512 Quae
814 3439 873 3488 res
898 3412 994 3489 haud
1020 3411 1172 3492 dilficilis

71 3545 245 3646 explicatu
267 3555 334 3621 cst.
384 3545 526 3646 Vulgus
544 3545 639 3621 enim
655 3546 921 3640 tenacissimum
938 3548 1172 3646 antiquitatis.

7 3653 9 3658 ,
70 3677 181 3752 Porro
213 3653 337 3754 omnes
367 3677 443 3752 sere
473 3678 668 3779 scriptores
701 3677 848 3768 Gracci,
879 3705 927 3752 ne
956 3679 1000 3752 iis
1028 3676 1172 3777 quidem

72 3809 240 3908 exceptis,
265 3810 327 3908 qui
352 3809 495 3886 Atticae
520 3809 688 3886 dictionis
714 3807 877 3908 exempla
902 3807 1088 3898 habentur,
1113 3810 1171 3887 vel

72 3942 132 4043 qui
154 3948 303 4042 postero
326 3949 499 4040 tempore
519 3939 664 4018 Atticae
690 3939 886 4041 elegantiae
917 3939 1170 4020 studiosissimi

138 4266 162 4334 a)
198 4261 241 4320 De
260 4251 393 4322 ¹Zaconum
411 4257 524 4321 dialecto
540 4262 683 4340 peculiaris
700 4273 788 4322 exstat
810 4259 883 4326 Frid.
898 4263 1051 4324 Thiersclrii
1074 4263 1170 4325 disser-

73 4351 135 4412 tatio
150 4343 224 4410 lcctu
242 4350 403 4426 dignissimo.
439 4349 501 4413 vid.
520 4349 670 4414 Commeat.
688 4351 771 4414 Acad.
789 4353 892 4430 lhnac
909 4373 968 4414 auu.
988 4351 1089 4417 1832..

664 4456 710 4531 ‚⁶
793 4464 872 4532 “2
