2908 4914
1146 291 1218 346 xla!

112 467 150 542 in
181 445 473 565 'Burcograeciae'
492 460 571 536 libr.
596 459 649 537 Vl
679 485 759 562 pag.
782 463 855 536 372
886 437 1071 560 (Bastteae
1100 464 1214 560 1584)

110 597 167 674 his
191 598 311 674 verbis
335 605 459 671 utens:
474 593 686 684 „Demetrii
705 591 811 692 hujus
829 593 918 668 Zoni
934 587 1042 694 opera
1068 603 1106 670 et
1130 593 1216 668 dex-
1345 589 1348 598 '

109 730 253 806 toritate
279 750 433 800 excusus
459 735 516 800 est
539 723 702 800 Venetiis
724 718 969 823 Ἀλέξανδρος
990 727 1010 800 ὁ
1028 725 1215 804 Moaedelv

110 862 225 957 (liber
249 856 295 931 de
320 856 510 958 Alexandri
534 855 585 931 Μ.
612 856 722 930 rebus
747 856 871 954 gestis,
897 853 1072 931 Versibus
1097 856 1214 956 politi·

112 990 188 1082 cis)
214 1014 305 1062 anno
337 990 450 1074 1529,
483 1011 590 1088 quem
622 985 708 1060 mihi
740 989 787 1059 10
817 985 907 1084 Maji
941 986 1037 1059 15⁶4
1065 985 1212 1064 Patauio

110 1121 308 1220 'llybingam
340 1119 393 1195 Μ.
423 1119 664 1220 Engelbertus
695 1115 876 1192 lllilander
905 1115 1041 1192 misit’'
1095 1117 1228 1222 Hujus·

107 1251 154 1324 aa
172 1223 372 1326 trainam
389 1249 588 1340 macerare
612 1249 692 1324 riou
710 1249 918 1348 exemptum,
944 1247 1043 1348 quoa
1060 1248 1212 1326 crustu

108 1381 331 1482 possederat,
361 1383 399 1454 in
430 1377 644 1468 Academica
674 1381 882 1454 Halensium
912 1380 1127 1454 bibliotheca
1156 1405 1213 1456 as·

107 1513 252 1602 servari,
284 1512 456 1586 certiores
486 1535 554 1585 nos
578 1499 720 1584 faciunt*
735 1509 788 1582 Μ.
817 1509 898 1583 Joh.
928 1509 1212 1586 Triblrechovius

105 1646 143 1718 in
167 1643 280 1717 Elem.
305 1643 387 1746 ling.
413 1669 463 1745 gr.
489 1639 583 1742 vulg.
615 1641 771 1715 Dissert
802 1639 909 1739 prael
940 1641 958 1739 ᾖ
984 1641 1040 1714 rt.
1063 1649 1102 1714 et
1129 1639 1213 1716 Jot.

105 1775 217 1850 llliclr.
247 1767 406 1874 Laugius
436 1775 476 1847 io
505 1771 776 1848 Introductione
813 1769 860 1845 ad
889 1770 1018 1872 poesin
1047 1771 1212 1882 barbaro,

108 1931 279 2005 graecam,
305 1931 396 2004 quae
422 1911 541 1977 exstat
564 1904 604 1974 in
626 1901 802 2002 Philolog.
823 1902 1097 2004 Barbarograec.
1122 1914 1212 2004 pert.

109 2035 219 2108 altera
242 2061 275 2132 p.
299 2035 358 2105 23.
387 2033 555 2131 Uterque
579 2030 687 2120 addit,
711 2031 780 2104 hoc
805 2032 1003 2131 exemplum
1028 2033 1213 2134 perpetuis
1318 2038 1326 2051 '

108 2164 227 2240 Crusii
244 2157 534 2256 adnotationibus
552 2170 713 2236 ornatum
733 2187 824 2238 esse.
842 2159 954 2261 Quod
966 2160 1010 2236 ad
1021 2155 1212 2266 parirp'rlrra·¹

106 2298 163 2372 sin
183 2291 601 2396 Batrachomyomachiae
626 2293 763 2390 attinet,
789 2319 881 2394 quae
905 2295 1068 2372 versibus
1082 2296 1211 2397 ,potiri-

105 2429 157 2503 cis
200 2428 319 2526 iisque
354 2425 652 2501 homoeoteleutis
696 2426 894 2525 composita
931 2436 998 2516 est
1041 2453 1117 2502 non
1153 2455 1211 2502 ac-·

106 2559 197 2632 cedo
233 2557 442 2630 Clarissimo
473 2554 687 2629 Thiersehio
725 2555 764 2625 in
783 2545 785 2549 ⁸
806 2553 987 2651 praeclara
1024 2551 1211 2656 deponet

106 2686 346 2760 recentiorum
393 2683 613 2758 Graecorum
654 2677 905 2756 dissertatione
947 2709 1026 2784 pag.
1069 2685 1114 2758 16
1162 2687 1212 2762 el-

106 2815 273 2906 firmanti,
295 2814 391 2890 hune
417 2814 556 2888 Zenum
577 2812 729 2913 primum
761 2839 843 2890 esse
872 2813 968 2889 inter
990 2817 1213 2892 recentiores

103 2947 274 3036 Graecos,
311 2947 374 3047 qui
406 2927 542 3024 versus⁸
552 2944 714 3020 similiter
738 2945 907 3021 cadentes
932 2946 1066 3021 lecerit.
1115 2945 1211 3025 Nam

104 3079 247 3154 saeculo
272 3078 399 3178 quinto
424 3078 562 3151 decimo
586 3077 660 3174 jam
672 3075 883 3151 Emmanuel
899 3077 1099 3179 Georgillos
1123 3081 1211 3180 111ιαῖ-

102 3211 173 3284 lem
199 3219 412 3284 concentum
436 3208 605 3298 versibus¹
624 3200 811 3304 adjecerat!
860 3207 955 3284 Vide
975 3209 1098 3286 Carnis
1115 3217 1209 3312 Πρω.-
1337 3259 1340 3278 .

102 3341 184 3442 >sepa
210 3341 259 3429 εἰς
281 3337 347 3416 τὸν
371 3340 545 3441 δεύτερον
572 3347 647 3434 τῶν
675 3337 866 3414 Ἀτάκτων
897 3340 1018 3440 νόμον
1051 3343 1128 3420 ocii.
1159 3345 1207 3420 δ’.

102 3471 254 3562 Versae,
271 3473 402 3572 quibus
421 3481 563 3548 constat
578 3471 647 3545 hoc
662 3480 800 3571 poema,
818 3499 838 3546 a
856 3473 1006 3549 Graecis
1028 3473 1211 3574 appellen-i

101 3613 162 3678 tur
186 3602 366 3694 πολιτικοὶ
390 3604 467 3680 sive
491 3601 684 3705 dapmnaol
697 3603 719 3676 ῖς
738 3630 767 3676 e.
792 3603 982 3702 populares
1007 3602 1066 3679 v'el
1089 3597 1211 3706 vulga-r
1301 3637 1305 3644 Δ

101 3760 172 3809 res.
225 3734 367 3836 Nempe
396 3740 466 3834 jam
499 3734 535 3808 in
566 3744 726 3810 veterum
760 3735 904 3834 scriptis
928 3731 1211 3836 uolueadc‘pro
1283 3769 1287 3778 ·

101 3876 272 3956 consueto
297 3877 335 3939 et
358 3865 460 3966 opud
475 3866 650 3967 populum
676 3868 812 3962 usitato
837 3865 923 3963 poni
941 3863 1098 3942 ostendit
1118 3865 1211 3944 Sam
1272 3933 1276 3941 ,

101 3997 222 4072 tonius
235 3996 271 4067 in
286 3994 549 4072 Commentario
561 3997 604 4071 ad
617 3996 872 4071 Terentianum
887 3993 1053 4094 Maurum
1071 4027 1105 4099 p.
1128 4004 1205 4075 191.

103 4128 271 4228 Quocum
298 4125 449 4216 conferri
474 4138 598 4226 potest
620 4151 708 4202 usus
731 4126 897 4226 adjectivi
915 4129 1088 4228 prtblicua
1110 4131 1210 4232 apud.

104 4258 276 4352 Ouidium
293 4258 384 4333 libro
403 4258 455 4334 lll
474 4256 520 4331 dc
545 4268 621 4332 arte
646 4259 784 4335 amandi
807 4288 841 4338 v.
866 4264 954 4338 18οτ
1000 4295 1005 4317 =

692 4538 721 4597 §a
