2870 4874
127 356 248 420 Ranae
269 325 469 428 reecivortmt
490 354 572 447 haec
593 362 704 442 note„

63 577 66 584 ι
127 487 238 550 venire
260 498 368 550 mures
392 497 514 576 contra·¹
528 501 573 548 se*
586 505 657 550 cum
678 488 787 574 copiis.

126 615 211 683 Siue
233 615 302 680 ullo
324 616 531 704 cunctatione
551 637 593 679 ex
615 635 697 710 aqua
718 619 875 696 exierant,
954 635 957 638 ·
1061 629 1066 636 ’

125 759 160 810 ct
182 749 220 808 in
242 746 351 808 locum
370 756 492 838 cottum
515 748 683 816 confestim
701 767 818 816 *omnes
830 758 1065 840 ,convencione

127 887 166 940 ut
190 886 421 958 cognoscerent
437 895 583 964 'ceruam
607 872 749 970 curisibi
771 879 989 942 irascerentur
1010 876 1094 950 illi„

129 1005 274 1070 Cunctae
295 1006 331 1068 in
354 1006 448 1070 dubio
471 1009 617 1086 inerunt,
639 1018 771 1094 propter
794 1009 869 1090 quid
890 1009 953 1074 siai
974 1005 1227 1073 inimicarentur.

128 1135 329 1198 Caduceator
351 1137 491 1217 advenit,
513 1109 788 1220 Embusiohytrua,

125 1263 332 1351 Tyroglyphi
353 1265 451 1346 filius,
473 1269 527 1348 qui
549 1280 622 1340 erat¹
640 1269 750 1357 animo
771 1279 900 1355 magno.

127 1395 269 1478 Virgom
290 1405 405 1459 tenens
427 1406 589 1460 tornatam
611 1397 646 1464 in
667 1417 765 1468 mauu
785 1418 845 1487 sua
866 1408 1009 1478 utraque,

50 1545 71 1587 “.
125 1526 218 1588 ranis
241 1525 522 1610 appropinquavit,
545 1536 579 1615 et
600 1526 689 1591 venit
711 1526 752 1590 ad
775 1545 830 1588 eas
851 1545 960 1612 prope.

60 1691 62 1706 v
123 1655 217 1722 Dicit
239 1655 301 1718 eis:
325 1651 454 1720 Scitote
474 1667 607 1722 cunctae
628 1675 685 1720 vos
706 1675 823 1734 ranae3

124 1805 234 1848 mures
256 1795 332 1848 sunt
353 1771 441 1865 irati,
464 1796 497 1880 et
519 1787 751 1851 iaciuntvobis
773 1785 917 1861 bellum„

127 1917 184 1978 Me
207 1916 374 1992 miserunt,
398 1925 434 1977 ut
455 1916 549 1990 vobis,
563 1915 705 2011 ¹dicerem
727 1915 856 1992 diserte,

128 2056 164 2109 ut
186 2029 343 2116 iretisad
364 2062 466 2122 arma,
489 2054 522 2106 et
543 2045 701 2129 caperetis
723 2043 864 2120 lanceae,

125 2177 202 2259 quia
225 2173 406 2238 didicerunt
426 2194 464 2238 ac
486 2175 645 2254 viderunt,
668 2174 787 2257 injuste
808 2175 1013 2252 interemtum

44 2301 47 2310 ’
124 2307 219 2372 iilum
242 2301 505 2391 Psioharpegem‚
529 2304 683 2392 (nempe)
706 2305 807 2386 aquie'
821 2305 1021 2382 ‘suffocatum

126 2456 222 2520 quem
243 2436 352 2502 necuit
373 2455 431 2518 per
451 2437 624 2532 malitiam,
647 2434 735 2506 velut
757 2437 819 2511 iur,

63 2568 73 2578 “
127 2576 235 2630 vester
255 2581 325 2640 rex,
346 2561 593 2642 Physignathue
613 2561 762 2620 mendax.
803 2583 806 2592 ¹

129 2695 182 2757 Ne
205 2687 305 2774 igitur
327 2699 459 2787 cessate,
482 2690 518 2750 in
542 2689 612 2750 acie
635 2707 690 2750 vos
714 2685 880 2752 collocare.

128 2825 204 2888 Non
217 2821 318 2885 haheo
330 2819 420 2882 aliud
431 2820 547 2899 dicere,
560 2830 593 2896 et
604 2818 751 2900 relinquo
765 2811 1226 2894 vobissanitatem.(inactuo-

128 2948 238 3019 Verba
259 2939 340 3016 haec
362 2948 533 3026 turbarunt
554 2966 707 3014 ranarum
730 2951 866 3030 animos,
923 2948 1021 3026 [lere
1042 2966 1100 3008 vos
1115 2941 1228 3026 jubeo)

129 3083 393 3167 Physignathum
415 3083 616 3158 incusabant,
639 3091 673 3142 et
695 3078 969 3165 reprehendebant
990 3075 1145 3158 singulae.

131 3217 191 3278 Ille
213 3232 290 3276 vero
311 3212 372 3273 ait:
394 3211 471 3308 Non
492 3229 562 3272 sum
584 3231 644 3292 ego
666 3211 702 3272 in
726 3229 834 3288 causa,

133 3357 166 3409 ut
189 3341 391 3426 Psicharpax
412 3342 561 3426 perierit3
578 3358 685 3421 neque
708 3343 739 3404 vi
761 3343 936 3406 introduxi.
984 3411 987 3418 ¹

120 3479 253 3552 ,Nature
275 3476 344 3560 ipse
366 3450 537 3556 aggressus
559 3483 619 3552 est,
641 3483 677 3535 ut
698 3474 756 3552 ita,
778 3474 862 3536 sicut
882 3491 942 3534 nos
963 3477 1101 3530 nataret.
1210 3542 1212 3546 .

133 3609 228 3670 Nunc
249 3605 354 3688 (ergo)
377 3603 547 3666 multitudo
568 3603 706 3664 murium
729 3621 826 3683 quare
847 3619 899 3662 me
920 3594 1100 3685 uituperati

75 3795 78 3805 .
134 3739 202 3818 Ego
224 3757 291 3799 non
313 3735 431 3810 offendi
453 3746 508 3796 e'os
530 3732 654 3796 inulla
676 3751 720 3794 re.

137 3864 205 3929 Sed
226 3883 286 3944 age
307 3867 451 3942 ineamus
474 3863 654 3941 consilium,
668 3873 713 3949 ut
735 3874 965 3952 congregemur
987 3873 1062 3932 una,

84 3968 89 3980 ¹
138 3951 341 4060 inveniamus
364 4010 453 4082 arma
475 3991 619 4077 pulchra,
645 4009 755 4054 omnes
778 4009 946 4082 armemur,

113 4117 117 4126 ’
139 4127 219 4209 ioris
242 4123 283 4188 ad
304 4123 410 4209 ripam
434 4132 566 4184 cunetae
588 4121 793 4206 reperiamur.
