2870 4874
1155 294 1198 366 id

93 481 292 549 Beneficium
315 481 434 568 duplex
455 478 548 543 nobis
570 477 655 542 dedit
676 479 831 568 luppiter,
854 496 890 549 ut
910 487 1122 570 gaudeamus3

93 618 219 703 (super).
234 627 356 678 terram
371 624 408 676 ut
416 609 580 691 saltemus,
597 621 630 673 et
640 609 702 694 (in)
714 632 828 694 aquam
841 627 878 680 ut
887 636 948 682 nos
957 621 1196 685 abscondamus.

93 749 186 812 Intus
208 758 242 808 et
263 755 358 809 extra
380 741 531 806 habemus
553 742 676 822 domos,
700 745 754 806 ubi
776 743 965 812 habitamus.

94 877 136 941 Si
158 878 261 941 viset
283 885 317 938 tu
339 874 458 954 venire,
482 884 518 936 ut
538 893 604 938 una
626 875 826 944 intremus:-

96 1009 231 1072 asoende
254 1008 382 1071 dorsum
405 1025 520 1084 merom,
542 1017 576 1070 et
598 1007 695 1070 facile
718 1018 749 1069 tc
771 1008 983 1074 introducam.

95 1138 316 1202 Veruntamen
339 1153 414 1202 tene
436 1155 487 1202 me
509 1138 632 1219 stricte,
655 1158 698 1202 ne
720 1138 849 1204 decidas
866 1161 946 1206 nere
964 1154 996 1206 ta
1010 1145 1167 1210 amittam.

94 1271 270 1351 Postquam
286 1269 526 1348 intraverimus,
542 1267 623 1331 mihi
642 1269 744 1350 crede,
762 1271 927 1354 gaudebis,
943 1295 1043 1362 supra
1055 1278 1200 1358 modum;

95 1412 128 1464 et
150 1402 187 1463 in
209 1401 299 1462 exitu
320 1398 454 1462 habebis
478 1399 598 1461 donum
619 1411 654 1462 et
674 1399 811 1488 pulchra
832 1421 975 1470 munera.
1029 1421 1033 1430 ’

94 1532 205 1594 Verba
229 1528 309 1594 haec
331 1529 454 1593 finivit:
478 1529 609 1592 dorsum
632 1529 683 1594 illi
706 1495 851 1594 obvertit.

94 1664 187 1726 Tunc
209 1683 280 1725 mus
302 1659 403 1726 libere
424 1681 522 1746 super
545 1680 616 1723 eam
640 1661 789 1741 considit,

94 1807 128 1858 ct
148 1794 301 1857 audacter
322 1813 438 1856 manus
460 1811 535 1854 sues
559 1791 736 1872 collumque
759 1795 913 1858 extendit.

95 1927 190 1988 Tunc
212 1943 294 1986 rana
316 1924 422 2007 coepit
443 1943 478 1984 se
501 1921 674 1982 extendere
696 1933 729 1984 et
752 1923 953 1987 contrahere.

97 2055 175 2117 Mus
196 2053 358 2138 principio
380 2051 508 2130 laetari,
532 2071 602 2114 cum
626 2051 756 2132 videret,

95 2204 191 2268 qnam
213 2194 342 2246 nataret
362 2181 508 2270 pulchre,
531 2183 655 2263 mirari,
678 2194 816 2270 stupere.

94 2316 219 2379 Verum
241 2279 490 2402 ubi‘ooeperunt
512 2333 532 2380 a
556 2327 643 2379 terra
666 2315 795 2400 longius
818 2318 975 2400 recedere,

95 2461 129 2513 et
152 2451 188 2511 in
210 2467 309 2528 aquas
331 2447 599 2534 profundissimas
621 2446 712 2508 lacus
735 2449 873 2530 ingredi,

96 2601 136 2644 ac
158 2577 332 2640 veniebant
353 2576 442 2655 nigri
463 2560 589 2652 flnctus,
612 2592 745 2651 eumque
766 2574 984 2638 inundabant:

98 2722 177 2771 tuno
201 2717 336 2768 tremere
359 2704 476 2789 coepit,
501 2701 585 2796 oculi
609 2705 678 2785 ejus
700 2701 937 2770 humescebant.

98 2837 277 2901 Poerritens
300 2834 408 2915 (facti)
430 2846 511 2916 erat,
535 2833 637 2916 (quia)
660 2855 726 2898 non
749 2834 898 2935 habebat,
922 2841 996 2922 quid
1019 2842 1149 2922 iaceret,

98 2972 174 3053 quia
195 2967 268 3030 fieri
290 2987 357 3030 non
378 2978 516 3053 poterat,
540 2980 627 3032 retro
651 2979 686 3031 ut
708 2970 836 3034 rediret.

98 3105 241 3166 Tantum
263 3099 361 3184 pedes
383 3097 563 3179 stringebat
585 3098 627 3160 ad
649 3117 750 3162 ranae
771 3100 891 3179 latera3

100 3231 294 3296 creberrime
317 3229 557 3312 ingemiscebat,
581 3249 642 3293 nec
663 3230 799 3313 videbat,
824 3219 884 3315 ¹aluo
908 3234 979 3298 iret.

99 3363 218 3428 Natrix
239 3364 389 3450 apparuit
410 3360 590 3426 horrendus
613 3362 649 3426 in
671 3337 812 3427 flumine.

98 3495 198 3559 Rana
220 3496 498 3575 contremiscebat,
520 3513 587 3558 non
609 3493 758 3575 habebat,
782 3499 860 3576 quid
881 3506 1002 3578 ageret.

98 3628 139 3690 In
160 3647 276 3709 aquam
298 3648 333 3690 se
356 3627 519 3706 demersit,
542 3637 579 3689 ut
601 3627 738 3690 evitaret
758 3627 843 3690 iram
866 3627 968 3707 illius,

98 3756 352 3844 Psicharpagem
375 3759 508 3839 dimisit,
530 3769 567 3822 ut
588 3769 716 3822 nataret
739 3756 839 3820 solus.

99 3888 233 3968 Statim,
256 3897 291 3948 ut
313 3903 384 3951 eum
406 3887 539 3968 dimisit,
561 3890 597 3951 in
619 3908 702 3970 aqua
725 3907 887 3976 expansus
909 3897 969 3967 est,

99 4033 131 4084 et
153 4041 232 4107 prae
255 4027 343 4080 metu
365 4018 491 4100 ingenti
514 4031 600 4082 totus
622 4020 836 4082 exanimatus.

99 4154 219 4216 Manus
243 4149 497 4233 constringebat,
519 4150 676 4213 stridebat
697 4149 854 4232 dentibus,

100 4285 184 4350 vires
206 4303 282 4348 suas
303 4283 454 4370 perdidit,
476 4293 635 4348 tremuere
656 4283 754 4372 pedes
774 4285 853 4367 ejus.
