2908 4914
1038 281 1042 286 -
1118 245 1228 296 xxxtx

122 411 236 506 solvit,
261 439 380 518 neque
407 426 570 497 accurato
596 417 712 490 omnia
737 416 990 524 interpretatus
1010 430 1075 496 est.
1102 417 1224 520 Quare

119 549 196 636 nou.
217 573 365 650 magnae
390 549 554 623 utilitatis
587 551 663 646 ejus
695 573 785 648 opus
818 575 899 626 esse
927 559 1039 650 patet
1092 549 1224 630 Editus

118 687 177 754 est
200 680 281 778 ejus
306 679 497 760 thesatuus
522 677 662 780 linguae
688 707 835 780 graecae
861 681 1016 780 vulgaris
1034 692 1071 758 et
1086 683 1224 760 italicae

115 817 204 910 past
227 821 378 886 mortem
403 810 556 884 auctoris
584 810 749 889 Lutetiae
784 814 876 886 1709
906 811 977 890 hoe
1009 813 1140 914 duplici
1169 817 1222 889 in·

117 940 275 1040 scriptus
312 941 444 1043 elogio:
494 939 701 1044 Θησαυρὸς
729 947 796 1042 τῆς
822 944 1032 1044 Ῥωμαὶὶιῆς
1063 943 1125 1020 καὶ
1158 952 1223 1046 τῆς
1305 988 1313 1006 ·

115 1070 335 1176 (ltpoiarrrsupr
358 1071 550 1174 γλώσσας.
601 1073 741 1148 Tesoro
766 1071 858 1148 della
883 1073 1002 1173 lingua
1026 1074 1173 1148 Italisna
1200 1096 1220 1150 o

113 1202 415 1305 Grues-Vulgare
440 1205 485 1280 da
515 1205 717 1284 sonarem.
772 1203 902 1306 Parigi.
931 1208 1034 1281 1709.
1067 1205 1218 1282 d'l'our.
1250 1238 1254 1242 ·

116 1337 150 1406 4.
174 1333 293 1408 Multo
316 1336 459 1432 majoris
485 1337 591 1435 pretii
615 1347 688 1412 est:
711 1335 852 1425 „Caroli
878 1337 1054 1438 Ducangii
1072 1337 1218 1412 Glossa-

99 1453 205 1538 ¹rium
230 1459 276 1540 rtd
301 1465 664 1566 scriptoresmediae
696 1477 734 1542 et
762 1467 902 1542 infimae
933 1469 1150 1568 graecitatis,
1180 1468 1217 1541 in

112 1621 186 1694 qun
211 1623 336 1697 graeca
361 1597 532 1674 vocabula
557 1597 708 1673 novatae
737 1597 1005 1698 significationis
1037 1577 1216 1672 aut'usus

110 1727 281 1818 rarioris,
302 1729 468 1818 barbara,
493 1729 649 1818 exotica,
672 1728 931 1818 ecclesiastica,
961 1727 1138 1828 liturgica,
1167 1739 1215 1803 ta·

111 1859 223 1948 crica,
248 1861 401 1947 uomica,
426 1853 570 1948 iatrioa,
588 1859 769 1948 butanica,
794 1859 954 1957 chymica
986 1859 1214 1958 explicantur,

113 1995 309 2087 eurumque
327 1989 499 2062 ¹notiones
524 1998 561 2062 et
576 1987 836 2086 voriginatioues
853 1971 1062 2086 reteguntur
1080 2015 1100 2061 e
1116 1989 1216 2064 libris

111 2119 236 2208 aditis,
271 2117 416 2194 ineditis
452 2118 710 2218 veteribusque
740 2119 997 2209 monumentis,
1047 2119 1215 2222 Lugduni

108 2251 204 2350 apud
231 2250 444 2350 Anissonios
469 2251 712 2326 aun01688'’
738 2249 962 2346 divulgatum
1000 2251 1074 2326 Sed
1093 2228 1214 2350 quarn·

107 2383 163 2460 vis
187 2381 243 2461 air
273 2382 574 2474 laboriosissimus
604 2381 676 2457 hoo
707 2366 845 2482 ingenti
874 2407 984 2480 opere
1016 2381 1213 2456 irrrruortale

108 2511 394 2612 aprrdzposteros
418 2539 552 2586 nomen
575 2495 790 2584 consecutus
815 2513 873 2598 sit,
896 2521 1026 2598 tamen,
1052 2513 1136 2608 quia
1153 2540 1213 2610 pa-

110 2667 188 2716 rurn
216 2641 398 2740 cognitum
422 2640 578 2712 habebat·
599 2638 779 2738 vulgarem
810 2661 1012 2710 sermonem
1041 2663 1214 2738 graecum,

12 2845 14 2850 ,
109 2783 182 2846 tam
205 2787 318 2871 saepe
339 2769 461 2872 lapsus
487 2779 554 2867 est,
578 2777 620 2844 ut
645 2768 707 2868 qui
730 2765 855 2844 didicit
880 2794 957 2842 earn
982 2767 1147 2872 linguam,
1177 2771 1215 2844 in

108 2901 259 3004 siugulis
300 2903 437 3002 paginis
474 2900 661 3002 permulta,
698 2926 789 2999 quae
828 2898 1011 2991 emendet,
1048 2895 1213 3002 reperiat,

107 3033 239 3134 Neque
263 3033 359 3107 enim
383 3033 501 3118 sulum
523 3032 675 3132 plurima
698 3031 804 3106 verba
834 3053 910 3114 non
939 3031 1131 3122 intellexit,
1164 3044 1214 3108 at·

110 3192 182 3264 que
207 3189 259 3254 ea,
286 3179 409 3262 quam:
422 3161 569 3261 adjerit,
598 3163 892 3262 interpretatione
924 3189 946 3236 a
974 3188 1060 3240 reru
1092 3187 1213 3236 eorum

110 3321 221 3373 sensu
251 3294 443 3384 aberravit,
481 3292 547 3370 sed
578 3293 684 3368 etiam
715 3293 886 3394 pleraque
917 3294 1046 3394 gruibus
1083 3294 1212 3368 litteris

110 3427 298 3504 scribenda
322 3435 455 3516 assent,
479 3425 640 3502 nescivit.
687 3401 741 3500 At
764 3435 902 3500 tantum
927 3427 1040 3514 abest,
1065 3435 1106 3499 ut
1130 3451 1212 3498 oron·

109 3550 265 3634 lemnam
289 3555 359 3632 lruc
384 3557 607 3656 glossarium,
630 3565 672 3630 ut
697 3583 787 3655 quae
813 3558 891 3655 ejus
914 3561 1040 3636 auctor
1072 3567 1116 3626 ex
1140 3554 1213 3625 iue-

110 3689 194 3764 ditis
219 3687 667 3764 bibliothecas'Porisiuao
684 3687 876 3788 glossariis,
901 3684 1104 3760 scholiastis
1122 3682 1220 3758 aliist

95 3789 183 3918 'que
207 3821 451 3896 'monumentis
483 3819 619 3909 hausit,
651 3845 692 3893 sa
722 3819 838 3892 bonae
869 3814 981 3914 frugis
1010 3813 1214 3912 plenissima

111 3948 276 4049 judicem.
312 3947 469 4046 'Quodsi
492 3951 530 4024 iu
554 3951 610 4037 iis,
634 3973 728 4047 quae
753 3948 797 4019 ab
823 3945 900 4020 aliis
925 3965 999 4018 nun
1023 3945 1214 4022 dilucidata

12 4081 16 4090 “
111 4081 190 4180 ipse
209 4076 402 4152 dilucidare
421 4077 581 4170 tentavit,
605 4071 658 4154 sic
684 4103 764 4152 euru
790 4076 997 4178 plerumque
1022 4078 1094 4151 salli
1117 4079 1214 4155 tide-

12 4195 13 4206 *
114 4236 203 4301 rurus,
228 4220 269 4284 ut
293 4210 330 4284 in
354 4208 530 4299 lorrrlores
556 4218 693 4283 errores
716 4209 864 4314 labatur,
889 4212 992 4284 venia
1018 4207 1132 4281 danda
1158 4216 1215 4280 est
1293 4253 1296 4258 -
