2908 4914
236 256 319 312 mv

237 427 396 504 edendae
412 427 504 518 talis,
531 427 669 528 qnale'm
686 425 871 526 descn'psi,
890 413 1136 526 grammaticae
1154 425 1345 504 consilium

237 561 325 661 cepi.
362 559 415 635 At
433 561 575 660 quando
593 560 653 633 hic
672 559 859 632 multorum
876 583 1047 631 annorum
1066 557 1165 648 labor
1177 560 1345 648 est,milri

235 717 322 770 vero
338 717 463 792 parom
480 692 545 779 otii
556 690 714 804 contigit,
734 689 795 765 vix
806 688 1081 786 dimidium‘ejus
1093 715 1210 788 usqne
1223 690 1345 768 adlruc

113 809 117 816 ’
236 823 381 900 absolvi
429 822 577 898 Interim
601 820 778 894 Demetrii
801 819 1345 920 ZeniParaphrasinBatracho-

235 954 477 1054 myomachiae
501 952 637 1052 vulgari
662 953 827 1027 sermone
852 952 1022 1052 scriptam
1048 952 1109 1026 sic.
1131 951 1239 1026 edere
1271 964 1329 1028 sta

236 1087 301 1178 tei,
325 1096 367 1159 ut
391 1095 500 1184 quom
525 1093 668 1158 constet
697 1085 862 1159 carminis
891 1083 997 1182 hujus
1027 1091 1166 1158 textum
1195 1085 1345 1160 mendo-

235 1216 377 1292 m‘ssime
401 1216 446 1288 ab
471 1188 547 1290 aliis
573 1216 672 1315 prins
699 1216 985 1304 emissumesse,
1009 1213 1106 1288 nullo
1131 1215 1261 1288 mendo
1286 1221 1343 1291 re'-

234 1346 322 1422 licto
353 1345 501 1422 eruditis
532 1345 775 1436 ostenderem,
810 1372 870 1421 me
900 1344 1029 1422 studiis
1060 1355 1170 1445 atque
1200 1347 1340 1448 viginis,

235 1480 366 1586 quile
391 1477 557 1553 diuturna
580 1477 751 1578 loquendi
781 1489 819 1554 et
842 1477 1021 1603 scribendi
1053 1478 1258 1554 exercitatio
1283 1505 1337 1554 ac·
1408 1496 1411 1502 '

235 1612 356 1699 cessit,
379 1611 417 1684 id
443 1618 674 1684 consecutum
699 1613 800 1697 esse,
822 1619 863 1682 ut
886 1608 975 1707 'quid
1004 1617 1103 1682 recte
1132 1607 1272 1685 dicatur
1301 1610 1338 1684 in

232 1739 301 1815 hac
324 1739 523 1815 recentiore
546 1738 676 1838 lingua,
702 1737 789 1837 quid
812 1739 929 1813 minus
947 1749 1062 1830 recte,
1087 1740 1339 1840 probe'intelli-

234 1897 324 1975 gam.
381 1869 525 1970 Quodsi
549 1869 641 1944 hanc
669 1895 785 1943 meam
815 1895 975 1971 operam,
1007 1897 1113 1971 qnam
1142 1871 1335 1947 litterarum

234 2029 439 2104 graecarum
463 2001 583 2077 studio
608 2001 739 2076 deditis
765 2001 889 2091 dicavi,
914 2002 1054 2077 idoneis
1071 2001 1194 2078 talium
1218 2025 1332 2078 rerum

231 2133 408 2234 judicibus
433 2131 610 2232 placuisse
636 2157 771 2230 eosque
797 2145 928 2232 cupere
948 2131 1169 2223 intellexero,
1200 2133 1327 2206 utalia

210 2255 378 2365 'quoque
396 2262 508 2362 *hujus
534 2239 674 2362 generis
702 2262 834 2362 scripta
857 2263 894 2335 in
917 2262 1033 2338 lucem
1059 2265 1248 2362 proleram',
1270 2289 1329 2340 vo-

231 2399 360 2472 lontati
384 2421 505 2470 eorum
531 2393 668 2468 lacilem
694 2419 752 2468 me
776 2395 967 2496 praebebo.
991 2436 994 2446 ·
1020 2395 1168 2487 Restat,
1182 2395 1334 2496 vutpri-

167 2507 171 2520 ¹
229 2555 327 2606 mum
352 2555 453 2632 agam
478 2525 523 2601 de
547 2525 734 2601 Demetrio
759 2527 858 2602 Zeno
885 2530 1034 2626 ejusque
1053 2539 1271 2630 opere-tom
1288 2529 1334 2602 de

231 2661 475 2763 superioribas
514 2662 591 2756 ejus
629 2659 794 2732 carminis
832 2659 1057 2743 editionibus,
1094 2656 1251 2755 denique
1281 2659 1334 2732 cle

231 2791 398 2875 consilio,
447 2786 547 2896 quod
595 2787 633 2860 in
676 2787 885 2869 ,adornanda
925 2788 992 2860 hac
1017 2783 1184 2857 editione
1228 2809 1332 2858 secu-

229 2934 290 2997 tus
314 2945 403 2994 sum.
680 2997 683 3002 A
1032 3009 1034 3014 Δ
1268 2925 1272 2930 ’

306 3099 310 3116 ι
373 3049 433 3126 De
457 3048 645 3126 Demetrio
669 3051 769 3127 Zeno
794 3076 905 3151 pauca
929 3041 1172 3128 tantummodo
1196 3071 1331 3120 niento-

193 3185 302 3258 -riae
328 3181 471 3281 prodita
501 3183 653 3282 repperi.
708 3181 832 3281 *Patria
871 3183 953 3279 ejus'
977 3176 1182 3275 Zacynthus
1201 3178 1330 3254 ,insula

90 3335 91 3340 ’
226 3314 302 3399 fnit,
327 3319 369 3382 ut
388 3315 549 3382 testatur
571 3323 694 3385 auctor
717 3312 875 3413 Dialogi,
901 3311 963 3408 [pri
986 3307 1242 3408 'Paraphrasin-
1257 3307 1330 3380 Ba.

225 3437 590 3538 trachomyomaclriae
614 3441 805 3540 praecedit.
855 3441 940 3539 Quo
962 3465 1055 3514 anno
1071 3447 1182 3514 natus
1200 3447 1237 3512 et
1254 3464 1329 3536 quo

225 3571 481 3680 mortuns'sit,
496 3579 533 3642 et
558 3569 655 3667 qnod
680 3570 713 3642 ei
736 3572 831 3646 vitae
849 3549 960 3671 gertus
981 3570 1095 3660 luerit,
1113 3571 1328 3670 ignoramus.

194 3717 197 3720 ’
225 3705 434 3808 Ducangins
461 3700 580 3777 Gloss.
611 3699 652 3774 Τ.
676 3698 713 3772 Il
731 3699 776 3800 in
799 3700 910 3773 Indic.
935 3701 1075 3778 Auctor
1107 3731 1140 3803 p.
1166 3704 1213 3775 47
1246 3727 1327 3776 eum

155 3891 158 3895 -
225 3839 319 3913 circa
344 3861 474 3910 annum
502 3811 594 3908 1530
615 3828 778 3904 floruisse
797 3828 984 3924 existimat,
1009 3833 1188 3923 inductae,
1211 3833 1250 3908 ni
1266 3833 1328 3906 lal-

224 3969 289 4058 lor,
313 3975 354 4040 ut
377 3965 447 4038 hoc
470 3974 655 4054 statueret,
680 3961 797 4042 tarbis
822 3959 970 4066 Martini
989 3965 1119 4056 Crusii
1144 3991 1237 4064 qnae
1256 3973 1328 4038 'sta-

223 4098 289 4172 tim
311 4094 482 4196 allegabo.
520 4095 682 4170 *Praeter
705 4095 798 4172 hanc
820 4093 1241 4198 Batrachomyomaclriao
1266 4123 1328 4195 pa-

224 4225 417 4330 raplnasin
435 4222 528 4300 aliud
555 4251 699 4324 qnoque
720 4227 810 4302 Zoni
834 4229 1129 4332 poemaCr'usins
1152 4247 1312 4306 memora
