2860 4870
240 299 310 372 tto

237 491 423 560 Notandum
444 505 531 568 vcro,
554 486 594 552 de
615 485 827 551 morientibus
849 484 997 571 usurpari
1018 473 1244 566 ἕξαπλὸνομαι,
1269 492 1356 571 quod

237 617 429 680 Latinorum
453 610 648 674 consuetudo
670 605 879 673 extendendi
900 608 1052 686 yooabulo
1074 609 1164 672 reddi
1193 614 1352 696 postulat.

239 738 290 802 ct.
312 756 409 801 verss.
433 732 510 814 339,
533 731 598 798 354
622 745 682 797 etc.
727 731 778 796 Ex
801 730 852 794 his
880 731 1089 814 intelligitur,
1120 732 1277 798 Crusium
1307 761 1352 802 cr.

238 881 339 939 rasse,
363 859 418 940 qui
440 856 501 920 hos
523 858 602 920 duos
630 877 739 920 versus
766 856 815 920 sic
842 855 995 918 reddidit:
1029 852 1123 917 Folio
1145 854 1277 941 pellem
1307 858 1351 924 in.

238 990 417 1055 venerunt,
447 999 536 1062 praue
563 987 642 1043 erot
672 985 833 1052 extento,
861 997 1003 1062 eantque
1025 976 1172 1042 calamis
1189 978 1351 1066 pulcher.
1414 1043 1415 1070 3

237 1103 322 1170 rime
349 1110 559 1168 corroserunt.
610 1101 696 1164 Nam
725 1101 821 1163 verba
849 1120 968 1183 graeca
1000 1099 1061 1165 hoc
1089 1116 1225 1167 sonant:
1255 1103 1349 1172 Felz's

234 1225 359 1316 pellem
381 1223 589 1296 invenerunt,
612 1243 702 1308 quoe
723 1229 802 1287 erat
824 1219 1018 1309 explicato,
1041 1244 1185 1310 eumque
1200 1226 1340 1292 colomis

235 1343 462 1436 pulcherrime
483 1323 719 1412 extenderunt.
764 1345 816 1410 Do
846 1349 1081 1412 constructione
1110 1336 1221 1422 εἷ’χασι
1246 1357 1347 1426 τζιτω.

237 1466 316 1554 pe'ro
345 1472 384 1534 ci.
414 1469 551 1533 Davidis
580 1470 683 1534 Metu.
712 1490 795 1558 pour
818 1469 942 1533 ctudier
964 1469 985 1532 l.
1009 1469 1032 1533 1.
1055 1491 1103 1554 gr.
1133 1474 1218 1539 mod.
1244 1475 1348 1564 Chap.

237 1592 404 1664 XXXIX.
428 1589 456 1676 §.
479 1591 510 1656 5.
533 1614 563 1678 p.
587 1591 640 1656 85.

369 1716 413 1779 V.
437 1713 510 1779 229.
554 1704 712 1794 λουρίκιου
739 1712 789 1776 vol
815 1703 960 1792 λωρίκιον
987 1714 1047 1793 (oi.
1071 1717 1180 1785 adnot.
1203 1721 1246 1784 ad
1269 1721 1351 1786 Dia·

237 1841 306 1924 logi
333 1859 414 1902 vers.
446 1835 511 1916 1.),
543 1839 633 1919 cuju's
663 1833 735 1897 loco
765 1849 796 1898 ot
822 1827 937 1916 λωρίκη
965 1837 1001 1899 in
1029 1837 1141 1924 Eolog.
1163 1841 1290 1908 Leonis
1318 1857 1352 1910 et

239 1962 449 2025 Constantini
472 1960 574 2045 Irupp.
597 1960 647 2022 tit.
675 1957 713 2022 17
737 1955 766 2042 §.
790 1953 811 2021 ll
833 1960 1003 2044 reperitur,
1026 1961 1130 2026 latina
1151 1985 1213 2028 vox
1234 1962 1353 2031 lorica

238 2094 298 2161 est,
320 2102 401 2162 quae
423 2103 482 2166 pro
505 2083 638 2160 antiqua
661 2075 815 2144 thoracis
843 2083 1061 2169 appellatione
1082 2086 1226 2149 invaluit.
1281 2091 1354 2176 Op-
1414 2083 1415 2148 l

237 2215 374 2289 portuno
397 2204 433 2262 in
456 2201 541 2262 lianc
563 2220 630 2262 rem
652 2201 842 2286 Ducangius
864 2207 957 2273 Tom.
980 2206 997 2270 Ι
1019 2228 1050 2292 p·
1072 2204 1135 2272 835
1157 2208 1249 2271 affert
1266 2208 1354 2296 Epi·

237 2325 405 2388 merismos
427 2321 616 2401 Herodiani‚
639 2322 693 2383 ubi
714 2322 834 2406 legitur
847 2317 967 2408 βῶραξ,
982 2318 1019 2390 τὸ
1030 2320 1169 2407 λωρίκιον
1181 2339 1214 2388 et
1231 2329 1345 2392 Gloss.

239 2449 294 2510 Gr.
317 2442 422 2509 MSS.
447 2443 525 2506 Cud·
554 2444 659 2508 Paris.
691 2443 775 2511 1573
804 2437 966 2531 &olquam
993 2440 1134 2532 λωρικῖου
1159 2447 1348 2527 πολεμικοῦ.
1414 2459 1415 2484 ³

237 2569 316 2634 Vid.
339 2570 416 2634 ibid.
440 2567 523 2631 alios
545 2566 637 2631 locos
660 2589 701 2632 ex
724 2569 915 2653 Byzantinis
945 2575 1152 2660 scriptoribus
1181 2569 1350 2636 collectos.

238 2729 282 2742 «-
304 2681 431 2772 κάμασι
452 2712 512 2778 pro
535 2677 670 2773 ἔκαμον.
715 2692 789 2756 Vid.
813 2696 886 2757 adn.
913 2696 954 2757 ad
976 2715 1057 2757 vers.
1074 2696 1106 2758 9.
1131 2731 1175 2743 -
1197 2686 1354 2768 δείχυουυ

239 2816 379 2903 explicui
402 2815 546 2877 advers.
572 2811 647 2880 100.
681 2847 728 2860 -·
761 2805 966 2892 ἄγριωμένοι,
989 2813 1120 2893 antique
1141 2807 1350 2896 ἠγριωμένοι.

238 2941 399 3007 Praesens
424 2937 495 3001 Ind.
519 2949 581 3001 act.
604 2958 690 3001 nuno
711 2946 761 2998 est
783 2921 927 3015 ἀγριὸυω.

369 3060 413 3123 V.
437 3057 511 3125 930.
556 3053 674 3170 re'rogrq
694 3056 798 3144 λογῆς,
817 3070 855 3123 ut
874 3077 956 3123 vers.
981 3053 1055 3124 148.
1091 3093 1132 3106 —
1165 3057 1218 3122 Dc
1241 3053 1348 3141 ἅρμα.
1414 3137 1415 3164 1

238 3179 368 3265 sororios
391 3187 429 3247 cl.
453 3205 533 3248 vers.
557 3181 631 3247 226.

282 3305 287 3314 ’
369 3302 411 3364 V.
436 3303 510 3367 931.
557 3293 702 3382 ε’μάῇασι
725 3307 746 3369 i.
770 3327 798 3370 a.
822 3293 965 3387 ἕμαβαν,
988 3295 1121 3386 ἔμαβον.
1159 3338 1199 3350 -
1233 3297 1346 3365 troica

238 3423 289 3489 vel
309 3419 404 3482 τοῦτα
426 3421 601 3504 vulgariter
622 3445 682 3510 pro
705 3426 821 3508 ταῦτα,
843 3441 880 3490 ut
896 3432 968 3508 jam
989 3426 1126 3487 vidimus
1147 3441 1242 3486 versu
1268 3426 1343 3492 155.

237 3578 282 3598 ...
302 3533 464 3626 porroirov
486 3545 521 3606 in
543 3543 698 3610 inferiore
729 3550 903 3630 graecitate
931 3546 1081 3629 designat
1107 3564 1178 3608 rem
1205 3566 1345 3625 novam,
1414 3561 1415 3568 ’

237 3663 411 3740 nuncium
439 3664 524 3750 apud
552 3665 652 3729 medii
680 3671 752 3732 aevi
779 3670 952 3754 scriptores
980 3680 1013 3731 et
1040 3688 1099 3754 pro
1122 3688 1160 3730 eo
1183 3672 1345 3756 accipitur

240 3789 323 3870 quod
336 3775 467 3854 Latinis
489 3797 539 3851 est
559 3785 772 3864 mandatum,
794 3789 880 3852 unde
902 3787 998 3853 ducta
1012 3808 1076 3853 vox
1092 3800 1151 3853 est.
1173 3790 1261 3856 Vide
1275 3792 1343 3858 Du·

238 3930 332 3996 cang·
355 3933 382 3976 s.
405 3934 434 3976 v.
457 3889 626 3994 ptonddrov.

368 4035 413 4097 V.
435 4032 514 4100 232,
556 4028 619 4103 πῶς
646 4030 822 4116 vulgariter
853 4052 913 4119 pro
947 4020 1011 4117 dri,
1043 4046 1081 4100 ut
1103 4038 1175 4120 jam
1202 4034 1341 4120 legimus

238 4175 332 4221 versu
353 4154 429 4222 108.
452 4191 495 4205 -
517 4143 688 4236 poooo'rov,
709 4174 768 4244 pro
790 4176 852 4238 quo
874 4156 934 4221 alii
955 4159 1097 4222 scribere
1119 4157 1225 4222 solent
1240 4178 1341 4236 φουσ-
1414 4185 1415 4196 ’

164 4249 174 4270 ”
237 4271 337 4342 odron
356 4278 407 4346 vel
429 4270 601 4363 φοσσάτον,
624 4291 673 4348 est
694 4281 825 4369 proprio
847 4279 1038 4354 Latinorum
1059 4279 1246 4347 vocabulum
1258 4276 1341 4368 sos·
