2860 4870
1140 255 1208 334 123

103 470 139 523 ut
159 457 257 546 plena
280 457 377 520 verba
398 454 469 518 sint
489 444 575 525 πάθε
597 441 692 535 guar,
714 446 799 538 quod
820 452 925 541 ipsum
940 443 1027 526 κάβε
1042 465 1144 520 ortum
1160 467 1210 520 ost

103 603 144 646 ex
165 573 242 651 aa&
268 568 313 654 ἕν,
334 599 373 640 ao
395 577 527 662 ponitur
548 596 607 662 pro
630 588 770 642 veterum
787 567 928 648 ἕκαστος.
973 578 1085 659 Neque
1100 590 1209 644 tamen

104 705 262 769 obsolevit
283 703 355 779 iste,
379 698 418 761 do
441 719 502 780 quo
525 701 660 782 agimus,
683 702 932 786 praepositionis
947 691 1033 760 κατὰ
1048 703 1082 763 in
1100 721 1208 766 rocon.

104 829 188 889 tiore
211 842 357 887 sermone
379 821 592 904 significatus,
614 823 671 886 sed
692 823 730 884 iu
751 822 862 884 ruultis
885 833 971 883 certo
992 822 1143 903 loquendi
1158 845 1210 906 ge.

106 949 239 1012 neribus
262 943 365 1007 adhue
386 957 542 1008 servatur.
592 945 704 1026 Itaque
734 964 807 1010 eum
834 963 901 1010 noo
924 944 1033 1006 omisit
1054 942 1211 1007 Darvaris

108 1071 145 1134 in
167 1065 373 1150 Γραμματικῇ
390 1059 545 1126 ‘Ariusia
567 1087 598 1152 p.
623 1064 697 1130 3⁵26.

238 1191 281 1254 V.
304 1188 380 1254 301.
426 1177 460 1254 τὸ
481 1177 556 1248 λάδι
577 1186 701 1268 oleron,
724 1188 856 1269 antiquo
879 1175 993 1252 traco.
1042 1188 1211 1271 Origiueru

106 1311 211 1378 trahit
238 1311 300 1376 hoo
325 1310 515 1376 vocabulum
542 1313 582 1374 ab
611 1299 750 1386 ἐλάδιον,
778 1313 861 1393 quod
877 1315 947 1395 Jam
970 1312 1054 1399 apud
1075 1311 1210 1397 Epictet.

108 1434 218 1501 Diatr.
232 1433 295 1509 111,
314 1431 366 1512 10,
385 1430 427 1497 16
444 1452 502 1520 pro
513 1429 677 1518 purrxillo
699 1429 767 1498 olei
788 1435 954 1521 accipitur.
977 1468 1021 1480 --
1043 1427 1213 1512 φθίρνουν,

108 1559 239 1638 antiquo
261 1548 439 1644 φθείρουσι,
462 1567 497 1618 ut
518 1577 618 1642 supra
641 1577 723 1621 vers.
747 1553 821 1620 207.
874 1555 924 1620 Cf.
952 1556 1025 1620 adu.
1049 1555 1090 1618 ad
1112 1576 1139 1616 v.
1163 1552 1213 1618 74'.

108 1689 160 1732 μ’
173 1671 308 1744 multa
330 1677 396 1758 vel,
419 1690 455 1742 ut
477 1676 536 1741 alii
557 1679 718 1758 scribunt,
740 1667 896 1760 καωίλα,
921 1700 979 1765 pro
1002 1698 1063 1759 quo
1086 1689 1119 1740 et
1139 1699 1215 1737 καν.

109 1793 190 1878 &irio
211 1805 248 1866 iu
270 1823 330 1865 usu
352 1813 411 1880 est,
435 1783 578 1864 lucerua
598 1797 746 1864 oleario.
798 1801 871 1866 Etsi
894 1821 969 1865 vero
993 1821 1103 1864 omues
1126 1798 1214 1872 illioo

108 1926 326 2013 perspiciunt,
353 1923 416 1986 hoo
437 1923 626 1988 vocabulum
647 1944 668 1986 a
689 1921 793 1988 latino
815 1915 985 1986 corodelue
1007 1923 1138 1988 nornine
1160 1921 1215 1982 ssu-

108 2050 209 2128 xisso‚
234 2059 342 2110 tamen
364 2064 528 2125 nunquam
550 2046 584 2109 id
605 2055 703 2110 sonat
717 2047 801 2129 quod
818 2047 976 2112 veteribus
992 2045 1120 2108 Latinis
1134 2063 1215 2107 carr-
1268 2099 1274 2108 .

109 2165 191 2234 dela
213 2179 272 2232 est.
314 2167 570 2251 Disriogooorur
591 2167 717 2232 soilioet
733 2172 805 2252 jour
827 2170 911 2254 apud
934 2168 1031 2234 medii
1052 2167 1123 2232 aovi
1137 2167 1217 2230 sori-

110 2305 219 2378 ptores
240 2281 282 2352 τὰ
302 2281 395 2370 κηρία
417 2300 449 2354 et
471 2285 507 2353 αἱ
527 2288 684 2367 κανδῆλαι
710 2304 746 2356 ut
766 2293 803 2356 in
825 2291 1070 2356 Pentecostario
1098 2282 1213 2350 ὃκαν.

108 2404 263 2490 §pidaras
291 2401 379 2474 ἅπτει
405 2401 446 2474 τὰ
470 2405 565 2491 κηρία
586 2403 692 2474 πάντα
712 2403 768 2471 καί
789 2405 958 2486 κανδήλας.
995 2413 1044 2474 Ci.
1067 2411 1215 2493 Ducatrg.

111 2534 218 2596 Gloss.
246 2533 329 2594 med.
358 2543 392 2592 et
418 2532 476 2592 ini.
505 2531 562 2592 Gr.
591 2533 681 2594 Tum.
703 2531 721 2593 1
747 2553 778 2616 p.
801 2529 866 2594 570
894 2545 927 2596 et
950 2532 1056 2594 Gloss.
1078 2531 1161 2594 ruod.
1182 2542 1217 2595 et

106 2627 169 2722 ius„
192 2651 267 2716 Lot.
289 2670 316 2716 s.
338 2671 367 2712 v.
390 2645 550 2715 candclo.

245 2771 285 2835 V.
309 2769 385 2836 302.
428 2763 566 2852 μανιίλα
593 2767 750 2853 mantile,
778 2792 874 2855 quam
900 2792 1010 2837 vooem
1038 2773 1144 2840 medio
1166 2794 1217 2836 ae·

112 2910 178 2963 tato
202 2895 319 2960 Graeci
342 2913 362 2958 a
383 2893 513 2959 Latinis
535 2896 674 2964 mutuati
695 2907 778 2964 sunt.
826 2895 874 2963 cf.
896 2896 1045 2982 Duoang.
1064 2897 1116 2959 Gl.
1133 2897 1214 2960 ruod.

111 3032 146 3088 et
166 3021 224 3087 ini·
249 3018 304 3082 Gr.
328 3039 360 3104 p.
384 3014 458 3082 868.

240 3141 284 3204 V.
308 3139 385 3205 303.
426 3130 607 3218 ’βρίσκουσι
633 3159 692 3226 per
720 3138 915 3227 aphaeresin
943 3162 1001 3228 pro
1024 3133 1215 3223 εὑρίσκοωι.

112 3298 157 3318 ..-
179 3261 259 3328 aava
280 3262 332 3326 vel
352 3258 417 3322 πᾶν
438 3261 616 3346 vulgariter
636 3281 696 3349 pro
717 3252 845 3345 adpoov
858 3265 879 3328 i.
894 3287 921 3329 e.
937 3254 1079 3348 πάγουσι
1094 3264 1116 3330 3
1132 3287 1214 3354 pers.

111 3387 156 3475 pl.
178 3405 282 3474 praes.
303 3385 370 3450 ind.
391 3387 479 3450 verbi
501 3375 597 3466 πάγω
618 3407 660 3450 ex
682 3397 824 3452 veterum
846 3378 961 3471 ,ὑπάγω
984 3413 1041 3476 por
1063 3389 1216 3476 aphaere-

111 3513 165 3577 sin
187 3510 330 3575 breviati.
375 3495 469 3587 πάγω
490 3508 677 3593 plerumque
700 3521 749 3572 est
771 3530 822 3585 eo,
844 3509 955 3585 vad03
978 3512 1043 3588 hio,
1066 3513 1215 3589 quooiaru

113 3653 184 3697 oum
207 3630 387 3695 accusativo
411 3630 624 3708 construitur,
639 3631 825 3694 vertendum
842 3643 891 3694 ost
905 3625 1045 3704 invado,
1060 3621 1219 3708 ἕπᾱβαίιω,

113 3746 295 3831 ἐπέρχομαι.

244 3872 288 3936 V.
311 3869 386 3936 304.
431 3863 568 3952 περίσσα
588 3871 685 3937 metri
708 3891 806 3938 causa
826 3893 886 3960 pro
908 3862 1045 3953 περισσά
1069 3874 1092 3937 i.
1115 3896 1143 3938 o.
1165 3896 1216 3937 πε-

113 3991 236 4074 ρισσῶς.

244 4111 288 4176 V.
311 4108 386 4177 305.
437 4104 593 4220 {aarum
614 4134 673 4201 por
693 4097 866 4196 syniuria,
890 4137 984 4197 quam
1006 4119 1042 4182 in
1064 4117 1126 4182 hae
1141 4139 1217 4181 vooe

113 4237 203 4329 plebs
225 4246 325 4318 amat,
347 4255 407 4324 pro
430 4228 594 4300 ἐκοπίασα.
640 4235 691 4304 Cf.
712 4236 786 4304 adn.
814 4238 855 4304 ad
877 4237 965 4308 Dial.
988 4259 1070 4306 vers.
1098 4238 1125 4302 Ι.
1178 4239 1218 4302 Ιιι
