2908 4914
291 389 390 440 xxxn

290 559 411 638 venio:
438 556 533 632 Heri
555 555 608 630 od
630 583 686 630 mc
709 556 820 644 verrit,
846 553 942 657 quod
968 555 1060 630 idem
1085 557 1121 631 in
1141 551 1306 660 epistolis
1324 561 1406 641 Au.

290 693 396 795 gusti,
422 716 512 792 quas
538 715 602 765 sua
631 715 739 764 mann
769 688 914 790 scripsit
944 699 1006 763 aut
1035 690 1248 784 emendavit,
1273 693 1403 796 depre.

289 821 496 899 henditur.'’
545 821 718 898 Similiter
742 819 860 899 Varro
885 818 903 893 l
928 829 1017 895 rust.
1048 826 1077 894 1.
1102 821 1268 912 „Rustici
1291 853 1398 904 ceam

290 957 457 1033 dicebant
486 979 552 1052 pro
583 955 681 1027 oium
712 962 749 1026 et
777 923 910 1026 bellam
940 979 1007 1054 pro
1036 953 1200 1027 oillam.’'
1254 956 1335 1033 Jam
1367 963 1400 1037 si

291 1090 372 1187 quis
399 1095 564 1186 quaerat,
595 1084 775 1185 quomodo
813 1085 943 1160 Graeci
966 1090 995 1187 β
1019 1095 1057 1160 et
1080 1117 1105 1188 η
1130 1091 1336 1190 usurparint
1361 1094 1399 1168 in

289 1216 548 1296 transferendis
571 1216 817 1292 Romanorum
841 1216 1001 1307 vocibus,
1025 1218 1183 1320 reperiet
1206 1247 1268 1295 eos
1291 1228 1323 1320 β
1343 1225 1401 1299 di·

288 1352 388 1428 xisse
412 1349 470 1428 vel
494 1375 560 1451 pro
585 1377 627 1440 v,
666 1349 763 1450 quod
789 1349 882 1424 illius
913 1359 1129 1451 potestatem
1161 1362 1305 1452 aequat,
1335 1358 1398 1431 vel

287 1513 354 1589 pro
373 1484 405 1575 b,
431 1508 502 1584 quo
531 1491 664 1572 carent,
688 1482 760 1556 nisi
785 1482 882 1584 quod
905 1482 1001 1556 idem
1018 1505 1130 1556 sonus
1146 1483 1260 1558 oritur
1278 1484 1392 1562 littera

287 1647 316 1694 π
341 1613 579 1717 praecedente
602 1645 646 1713 μ.
695 1614 779 1688 Etsi
803 1639 889 1688 vcro
913 1611 1092 1688 interdum
1116 1612 1169 1688 uti
1189 1613 1322 1694 licebat
1337 1619 1392 1696 his

288 1747 425 1822 duabus
453 1744 622 1819 consonis
647 1772 721 1842 μπ,
747 1754 866 1818 tamen
893 1744 963 1819 hoc
986 1771 1059 1820 non
1075 1771 1218 1847 semper
1238 1749 1315 1826 fieri
1330 1779 1393 1853 po-

286 1889 388 1955 terat.
437 1876 566 1977 Itaque
591 1874 728 1950 mollire
754 1875 893 1950 litterae
925 1875 947 1951 d
978 1876 1144 1954 duritiem
1176 1878 1245 1954 alio
1276 1909 1393 1983 eoque

286 2013 394 2088 simili
417 2035 518 2085 sono*
533 2009 729 2084 substituto
754 2007 941 2086 malebant.
978 2010 1159 2087 Dixerunt
1176 2011 1284 2114 igitur
1297 2015 1392 2117 Βάῤ-

284 2144 386 2242 provo
409 2149 446 2214 et
469 2136 737 2214 Βεσπασιανόν
760 2139 960 2214 Varronem
986 2153 1023 2216 et
1039 2142 1306 2246 Vespasianum,
1325 2149 1388 2244 qui

285 2272 391 2348 etiam
417 2268 557 2344 mollius
575 2293 684 2370 saepe
701 2268 929 2345 nominantur
947 2273 1239 2366 Οὐεσπασιανὸς
1255 2276 1383 2351 eto-13..

283 2404 418 2506 άρρωυ,
444 2401 595 2478 Balbum
621 2411 740 2474 autem
766 2410 803 2474 et
819 2401 971 2478 Brutum
989 2407 1213 2508 appellarunt
1234 2406 1389 2509 Βάλβου
1440 2451 1441 2463 1

285 2547 323 2614 et
346 2543 525 2638 Βροῦτον,
552 2533 719 2637 quoniam
744 2533 975 2638 Madbpmov
999 2546 1259 2642 ctMrrpoairov
1283 2567 1392 2614 nemo
1438 2593 1439 2623 t

283 2673 504 2748 Graecorum
527 2668 728 2743 tolerasset
784 2667 899 2746 Porro
929 2671 1060 2750 Graeci
1092 2707 1117 2776 η
1142 2675 1309 2749 dixerunt
1335 2672 1394 2749 rel
1437 2657 1438 2704 ¹

280 2830 347 2906 pro
373 2805 389 2874 i
412 2801 665 2888 Romanorum,
691 2797 736 2871 ad
763 2801 860 2900 quod
885 2801 1044 2899 proxime
1069 2799 1216 2884 accedit,
1241 2803 1298 2871 vel
1321 2830 1395 2898 pro

280 2962 311 3018 e,
326 2933 358 3005 si
381 2927 592 3006 vocabulum
617 2929 671 3004 sic
694 2940 867 3006 mutatum
884 2926 1028 3003 suavius
1045 2949 1173 3000 sonare
1189 2924 1395 3009 videbatur.
1433 2967 1434 3022 l

279 3061 493 3164 Scipionem
511 3059 619 3163 igitur
635 3071 672 3136 et
683 3061 909 3136 Numitorem
923 3069 1173 3161 nuncuparunt
1185 3060 1394 3163 Σκηπίωνα
1431 3087 1433 3158 j

182 3184 188 3196 ⁸
280 3207 317 3272 et
346 3192 567 3295 Νομήτορα,
605 3190 779 3268 Severum
812 3186 931 3264 au'te'nr
963 3203 1001 3268 ct
1029 3193 1229 3270 Porsanom
1261 3192 1392 3270 eadem

277 3327 396 3400 littera
418 3322 579 3398 adhibita
604 3329 774 3424 Σεβῆρον
803 3330 841 3394 et
865 3323 1081 3422 Πορσήναν.
1135 3325 1267 3423 Neque
1296 3353 1391 3402 vero

272 3460 295 3534 'i
316 3457 560 3533 Romanorum
584 3453 633 3528 ita
658 3477 801 3551 semper
824 3453 1085 3528 transtulerunt
1105 3452 1245 3542 Graeci,
1268 3463 1308 3560 ut
1324 3457 1391 3534 ille

278 3585 389 3670 sonus
420 3595 637 3674 servaretur,
668 3583 734 3657 sed
764 3585 1022 3688 nonnunquam
1054 3583 1210 3660 etiams
1240 3611 1307 3686 pro
1339 3615 1386 3664 co

276 3727 503 3827 usurparunt.
551 3715 668 3817 Legio
691 3713 858 3792 videlicet
883 3729 921 3793 et
946 3719 1159 3820 capitolium
1184 3746 1204 3793 a
1230 3718 1382 3795 Graecis

275 3865 464 3933 vertuntur
486 3847 630 3958 bepedv
654 3858 692 3924 et
714 3849 965 3949 καπετῶλιους
990 3853 1140 3926 linteum
1173 3851 1267 3926 haud
1299 3879 1381 3928 raro

274 3983 449 4074 iudanom·
479 3987 580 4083 cujus
613 3982 693 4058 loeo
724 3992 762 4057 et
791 3982 933 4059 blnrrov
964 3982 1001 4056 in
1031 4008 1101 4060 usu
1132 3991 1218 4058 erat.
1268 3981 1379 4082 Quod

274 4118 319 4191 de
343 4114 472 4190 litteris
496 4121 526 4216 β
551 4127 589 4190 et
612 4143 637 4216 η
662 4114 874 4193 brevissime
900 4114 988 4207 dixi,
1013 4143 1060 4190 ne
1084 4117 1189 4216 longa
1221 4114 1380 4214 disputa·

272 4249 371 4324 tione
397 4257 496 4322 extra
526 4247 709 4338 terminos,
746 4273 837 4347 quos
863 4247 949 4322 milri
979 4248 1167 4337 constitui,
1199 4271 1376 4346 evagarer,

272 4381 367 4458 idem
391 4381 437 4456 de
461 4377 609 4480 reliquis
621 4379 814 4480 ¹alphabeti
844 4381 963 4484 graeci
993 4388 1030 4453 et
1059 4378 1159 4455 latini
1189 4377 1374 4453 elementis

1284 4499 1288 4507 ⁴
1323 4508 1373 4582 di-
