2908 4914
1156 277 1189 342 u

83 445 173 526 sium
197 443 395 544 principem
421 465 503 516 esse
534 438 722 532 editorem,
753 441 820 517 alia
850 443 1009 520 nascitur
1040 444 1187 520 difficul-

15 667 26 684 ‚
82 587 150 651 las·
169 623 172 628 -
193 575 369 676 Dialogus
394 572 563 649 videlicet
592 573 739 646 carmini
767 572 837 672 ipsi
867 576 1086 675 praemissus
1126 603 1185 652 au·
1288 661 1292 667 p

80 719 217 784 ctorem
243 708 323 784 siue
347 704 456 790 dubio
480 701 711 803 bibliopolam
733 703 852 795 babet,
870 707 1040 805 quicum,
1058 718 1183 784 ntem·

78 851 178 916 tores
205 837 370 924 alliceret,
387 831 539 910 addidit.
589 835 735 916 Etenim
760 835 896 912 inutilis
926 837 1085 937 prolecto
1117 850 1183 930 cst,

82 972 125 1060 si,
163 969 263 1070 quod
298 966 392 1067 apud
427 965 597 1042 Crusium
628 967 685 1058 fit,
719 966 839 1042 medio
878 965 969 1044 libro
1006 968 1182 1046 inseritur.

80 1100 321 1201 Quamobrem
346 1098 497 1197 conjicio
521 1097 579 1176 vel
601 1095 831 1190 Milandrum,
855 1098 913 1176 vcl
938 1097 1044 1176 alium
1061 1124 1183 1200 quem-
1239 1198 1244 1207 ι

76 1233 169 1333 piam
196 1257 241 1310 eu
265 1229 394 1308 Crusii'
410 1229 606 1331 discipulis,
632 1240 693 1306 aut
718 1230 857 1322 amicis,
889 1255 997 1332 quum
1029 1234 1100 1330 jam
1130 1231 1182 1309 di-

77 1361 223 1442 vendita
248 1371 373 1438 essent
389 1361 494 1459 hujus
512 1361 738 1460 paraphrasis
757 1357 971 1462 exemplaria
984 1363 1043 1442 vel
1062 1389 1183 1460 quum,

77 1493 176 1593 quod
201 1500 339 1570 emerat
361 1490 561 1590 exemplum
585 1491 743 1570 nancisci
766 1514 840 1565 non
864 1504 1005 1590 posset,
1016 1492 1184 1590 impressi

76 1626 157 1700 libri
193 1621 437 1726 apographum
473 1621 604 1698 Crusio
638 1621 795 1697 misisse.
844 1621 975 1721 Neque
1011 1621 1082 1702 hnc
1111 1619 1183 1706 ullo

75 1755 183 1830 modo
221 1752 453 1857 improbabile
484 1763 550 1836 est.
605 1751 792 1852 Siquidem
822 1753 912 1830 Zeni
941 1763 1104 1854 tempore
1136 1753 1181 1826 ob

77 1898 259 1964 emtorum·
283 1885 514 1984 paucitatem,
543 1907 656 1982 pauca
685 1884 794 1958 modo
824 1884 995 1964 librorum
1027 1883 1182 1963 Graeco-

75 2017 307 2090 barbar'oru'm
333 2011 504 2112 exempla
515 2011 612 2111 typis
629 2011 784 2092 describi
796 2011 969 2102 solebam,
988 2039 1079 2111 quae
1097 2039 1184 2112 spes

36 2221 41 2228 ,
75 2155 168 2235 erat,
189 2144 272 2220 ⁴lore
300 2153 342 2222 ut
372 2143 473 2221 brevi
505 2140 798 2226 distraherentur.
853 2141 1044 2220 Praeterea
1074 2144 1181 2223 unius

74 2275 145 2352 diei
171 2273 383 2374 spatiohoc
407 2299 550 2350 carmen
573 2272 1011 2376 manudescribipotuit.
1040 2267 1180 2355 Idcirco

72 2408 105 2483 si
131 2405 282 2510 Cmsius'
313 2419 387 2516 nob
415 2405 545 2484 librum
574 2405 671 2506 typis.
703 2405 932 2504 impressum,
963 2404 1029 2480 sed
1059 2432 1180 2482 maun-
1254 2482 1260 2496 ,

73 2538 250 2635 scriptum
275 2536 429 2634 accepit,
459 2535 598 2610 facilius
628 2535 877 2632 intelligimus,
908 2561 972 2611 eur
1002 2534 1074 2606 duo
1104 2536 1181 2619 sero

9 2759 11 2766 y
72 2665 183 2740 millia
208 2663 406 2766 scripturae
430 2661 650 2770 mendorum,
675 2669 819 2760 praeter
843 2659 931 2734 alios
957 2685 1114 2752 errores,
1142 2663 1182 2738 in

9 2777 11 2856 l
72 2805 211 2871 tanturn
235 2790 453 2892 irrepserint
514 2790 599 2891 Ipse
612 2836 614 2840 ·
629 2791 724 2864 enim
738 2885 741 2893 Ι
755 2790 922 2900 Orosius,
949 2791 1011 2892 qui
1040 2792 1177 2894 primus

70 2927 228 3010 omnium
259 2923 520 3000 Germanorum
550 2922 820 3024 cognoscendae
843 2923 1054 3001 recentioris
1080 2951 1178 3026 grac-

71 3057 192 3134 citatis
215 3055 410 3156 cupiditate
434 3052 620 3152 flagrabat,
652 3053 718 3130 sed
743 3056 820 3151 ejus
845 3064 1009 3136 accurate
1038 3055 1178 3144 discen-

73 3189 142 3264 dae
166 3185 392 3262 occasionem
415 3203 489 3260 nou
513 3181 675 3272 habebat,
701 3183 856 3282 imperiti
878 3177 1012 3266 librarii
1037 3211 1177 3263 errores

68 3317 198 3397 tollere
228 3337 302 3393 non
317 3313 321 3320 ’
334 3309 485 3415 poterat.
538 3313 604 3389 Ait
634 3312 779 3419 quidem
809 3313 960 3398 Crusius
990 3317 1027 3392 in
1057 3317 1175 3420 Epist

69 3447 300 3547 Dedicntoria
325 3475 359 3548 p.
385 3449 424 3522 5:
449 3445 666 3536 „Neminem
691 3446 797 3523 ctiam
812 3447 970 3524 ,offendit
992 3450 1040 3552 iu
1053 3449 1175 3546 hujus·

68 3579 167 3656 modi
191 3561 336 3679 scriptis
359 3577 552 3656 hodiernae
577 3578 781 3677 scriptionis
813 3587 850 3657 et
883 3589 1093 3656 accentuum
1122 3579 1175 3653 in·

69 3711 177 3802 curia,
203 3735 308 3809 quom
334 3709 379 3788 de
403 3708 578 3790 industria
601 3709 742 3798 retinui,
767 3709 862 3786 sicut
875 3710 914 3786 in
930 3706 1172 3806 Autograpbis

70 3851 158 3928 crat,
183 3850 224 3913 ut
247 3850 429 3938 appareat,
455 3815 627 3940 quantum
658 3839 798 3920 differat
827 3839 916 3914 haec
947 3837 1096 3914 Graecia
1127 3841 1170 3916 ab

68 3972 128 4046 illo
154 3966 327 4069 prisca.”'
357 3970 431 4042 Sed
454 3971 541 4046 salsa
565 3970 730 4058 retinere,
754 3995 873 4067 neque
904 3968 1048 4061 docere,
1083 4001 1170 4072 quo·

70 4101 179 4176 modo
205 4096 414 4198 corrigenda
439 4099 521 4188 sint,
546 4109 654 4198 atque
679 4100 825 4199 iusuper
842 4109 975 4200 putare,
994 4129 1103 4202 posse
1120 4115 1183 4180 ta,

71 4233 163 4310 lium
182 4255 301 4308 rerum
325 4230 469 4330 ignaros
496 4253 542 4304 err
563 4229 661 4306 salsis
688 4229 819 4330 aliquo
837 4232 1004 4324 discere,
1016 4245 1171 4310 nonest

815 4368 927 4435 *Mill
