2860 4870
1138 271 1208 346 105

106 474 315 538 usitatissimo
338 471 489 554 loquendi
513 488 630 552 genere
652 455 693 538 ἂς
713 452 787 544 luae
808 464 854 532 sit
876 463 980 544 iered,
992 487 1100 550 quum,
1124 472 1206 552 quod

105 597 187 660 alter
210 597 302 675 dixit,
325 595 403 657 lieet
423 594 514 679 prius
542 593 636 654 nobis
663 611 731 654 non
759 592 932 677 placuerit,
962 604 1071 656 tamen
1093 605 1208 680 postea

104 721 136 782 ei
157 719 317 801 largimur
338 716 389 779 vel
411 727 497 778 certe
519 719 587 798 eJus
609 715 805 776 sententiam
831 716 1021 800 impugnare
1047 714 1206 779 nolumus.

105 875 150 890 --
173 829 320 918 ἒμποῧμὲ
344 837 484 924 explicui
506 857 604 923 supra
626 857 656 900 v.
682 831 756 898 114-
796 869 839 880 -
875 827 1007 944 ὅρδινιὲ
1016 837 1066 900 vel
1087 829 1209 917 ὄρδιυῖα

108 962 194 1048 apud
222 962 417 1024 recentiores
444 961 603 1046 imprimis
628 969 677 1023 est
696 954 800 1037 ordo,
827 958 1016 1023 voeabulum
1035 979 1056 1022 a
1080 957 1208 1052 Latinis

107 1096 255 1146 sumtum.
278 1085 399 1146 Nostro
422 1084 492 1177 loeo
516 1078 606 1146 aciei
628 1103 746 1145 nomen
769 1081 912 1162 quadrat.
937 1081 987 1146 lta
997 1084 1069 1164 jam
1084 1079 1153 1145 Leo
1171 1081 1207 1146 ln

107 1207 227 1269 Taetie.
257 1191 370 1292 capsss
400 1188 454 1279 arlo
482 1195 517 1264 <ll
545 1194 692 1280 τοιαύτην
720 1193 866 1285 ε’πιλοφὴν
891 1194 947 1264 καὶ
975 1195 1116 1284 ὄρδινίαν
1144 1223 1210 1264 που.

108 1328 217 1398 tieem
229 1321 264 1386 ἐν
277 1328 339 1397 eolo
359 1319 611 1407 κουτουβερνίοις.
633 1361 676 1372 -
698 1319 901 1407 ἆπαμελοῧμε
918 1329 938 1390 i.
949 1349 975 1390 e.
991 1320 1209 1408 ἀπαμλῶμεν.

240 1449 282 1515 V.
305 1447 382 1514 917.
426 1442 550 1528 βροῧμέ
576 1448 626 1512 vel
648 1447 785 1530 βροῦμευ
805 1450 856 1513 vel
877 1446 1001 1528 βρῶμεν
1024 1448 1040 1511 1
1065 1470 1148 1536 pers.
1165 1449 1209 1535 pl.

106 1592 176 1636 aar.
205 1575 288 1656 eouj.
317 1583 380 1634 aet.
410 1572 498 1634 verbi
526 1562 662 1652 εὑρίσκω
689 1593 749 1658 pro
777 1574 910 1653 antiquo
943 1559 1096 1650 εὕρωμεν,
1129 1573 1212 1652 quod

107 1693 193 1756 doeti
213 1692 371 1775 hodieque
392 1693 547 1756 scribunt.
581 1727 625 1739 -
658 1682 702 1752 vol
720 1685 902 1773 ’νδυξνοῦμέ
930 1692 945 1755 1
970 1711 1053 1779 pers.
1076 1691 1120 1778 pl.
1142 1713 1211 1756 aor.

107 1819 192 1898 oouj.
221 1837 303 1900 pass
337 1818 425 1880 verbi
453 1808 552 1875 ἒυὸύω
579 1816 630 1879 vel
659 1805 794 1893 ἒνδύυω,
822 1836 881 1902 pro
911 1835 973 1897 qua
1000 1817 1104 1878 forma
1127 1815 1213 1880 doeti

108 1949 251 2002 veterum
273 1958 362 2000 more
385 1936 537 2001 adhibere
556 1937 662 2000 solent
677 1933 869 2019 ἐυδυῇῶμεν.
905 1937 957 2001 Ita
972 1935 1212 2001 seilieetemen-

109 2059 251 2121 dandum
278 2080 348 2122 esse
377 2061 460 2140 quod
488 2058 583 2142 vulgo
611 2057 666 2122 hie
692 2059 858 2143 legebatur
885 2051 1061 2139 detentae
1088 2072 1121 2123 et
1147 2061 1218 2146 looi¹

109 2323 193 2366 vaur.
236 2305 322 2368 Nam
345 2304 421 2369 lieet
441 2304 499 2369 ille
521 2304 611 2368 aliud
633 2306 669 2368 in
690 2315 789 2374 textu·
802 2303 929 2384 habeat,
951 2303 1041 2368 aliud
1055 2305 1092 2368 in
1106 2317 1211 2370 tranr-

107 2426 239 2507 latione,
261 2441 381 2507 tamen,
405 2429 561 2509 quomodo
584 2427 666 2489 haee
688 2427 857 2488 diversitas
880 2428 1052 2504 exstiterit,
1069 2431 1107 2488 in
1121 2448 1212 2512 prae-
1253 2453 1256 2460 ·

109 2547 230 2610 tatione
253 2547 389 2612 ostendi.

244 2667 287 2728 V.
311 2663 386 2729 918.
432 2654 476 2724 vc}
495 2659 707 2744 μαζωχτοῢμε
730 2684 771 2725 ex
792 2661 895 2748 plebis
911 2664 1142 2728 consuetudine
1156 2688 1216 2753 pro

110 2786 337 2871 μαζωχξνῶμεν
361 2788 376 2853 1
401 2808 485 2875 pers.
509 2787 553 2874 pl.
577 2807 643 2874 aor.
667 2792 750 2872 conj.
772 2807 858 2874 pass.
882 2787 970 2850 verbi
991 2787 1134 2852 anomali
1154 2813 1217 2870 μα.

111 2901 200 2985 gorm.
248 2911 325 2975 Vid.
353 2931 433 2976 vers.
465 2909 539 2976 187.
569 2947 614 2958 -
646 2900 689 2970 vol
715 2898 773 2970 no‘t’
803 2911 825 2973 i·
854 2932 882 2974 a·
912 2902 957 2970 vol
984 2899 1106 2990 πᾶμεν,
1136 2931 1216 2994 quae

110 3039 214 3099 foruna
235 3056 293 3121 per
315 3033 508 3121 aphaeresin
536 3047 569 3095 et
590 3051 756 3118 syncopen
776 3034 919 3097 breviata
942 3045 992 3098 est
1021 3054 1063 3096 ex
1088 3007 1216 3116 undum

109 3181 179 3240 μεν.
226 3156 274 3220 Cf.
297 3157 434 3220 Davidis
457 3157 590 3236 παραλλ.
612 3172 637 3214 r.
660 3149 720 3220 ἕλλ.
744 3178 775 3216 κ.
798 3180 847 3236 γρ.
868 3159 920 3237 γλ.
941 3178 1009 3234 κεφ.
1032 3148 1062 3215 α’
1079 3179 1217 3240 παραγρ.

112 3279 134 3345 8
156 3282 220 3340 oei.
243 3276 274 3344 4.
297 3314 342 3325 -
364 3272 498 3360 εὑροῦμε
520 3279 541 3342 i.
565 3297 594 3360 q.
618 3275 745 3360 βροῢμει
759 3299 839 3342 vers.
863 3281 1009 3367 praeced.

244 3402 285 3468 V.
309 3401 385 3467 219·
430 3397 536 3474 τοῦπος
557 3401 733 3486 vulgariter
748 3424 808 3490 pro
832 3389 928 3476 οὗτος.
950 3439 994 3450 -
1017 3391 1121 3482 ἕπαψε
1140 3405 1165 3467 -ἰ,
1186 3427 1214 3466 a.

111 3515 242 3603 ἔπαυσε,
264 3536 300 3589 ut
321 3547 401 3592 vers.
428 3525 501 3591 119.
524 3561 568 3573 --
590 3518 811 3606 ἀποκριβῆκαν
833 3528 928 3588 metri
951 3545 1048 3587 eausa
1065 3545 1124 3608 pro
1141 3515 1216 3582 ἀπο.

110 3643 270 3731 κρίβηκαυ
291 3651 312 3712 i.
336 3671 362 3714 e.
386 3640 614 3728 ἀπεκρίθησαν.
660 3646 708 3709 Cf.
731 3646 838 3740 adnot.
861 3645 1005 3708 advers.
1030 3640 1083 3707 31.
1127 3695 1131 3706 .

244 3759 287 3832 V.
309 3768 383 3835 990.
430 3758 626 3849 ἀποὲάυωμε
648 3767 825 3852 vulgariter
845 3787 905 3854 pro
927 3752 1151 3845 ἀποβάυωμεν.
1176 3801 1217 3814 -

113 3888 267 3974 ε’μπῆκαν,
289 3904 324 3954 ut
345 3914 443 3978 supra
464 3913 545 3958 vers.
570 3891 622 3958 10.

246 4011 290 4074 V.
313 4011 388 4076 991.
432 4007 463 4074 τί
488 4012 583 4095 lustra
610 4034 669 4099 pro
696 4003 778 4082 alnoo
805 4007 900 4093 λογῆς
928 4009 979 4075 vel
1005 4001 1097 4083 ποίας
1123 4011 1219 4096 λογῖς

112 4140 208 4227 eujus
227 4132 372 4224 generis.
418 4137 470 4200 De
491 4133 644 4199 v‘oeabulo
667 4127 746 4216 λογή
768 4135 837 4198 dixi
859 4135 900 4199 ad
922 4155 1003 4200 vers.
1028 4133 1102 4200 118.
1152 4135 1218 4199 No·

114 4263 248 4336 undum
270 4273 388 4344 autem,
412 4261 447 4325 in
467 4258 593 4347 vulgari
608 4278 755 4324 sermone
770 4249 801 4320 τί
812 4259 848 4323 in
865 4259 1052 4362 quibusdam
1068 4257 1218 4338 loquendi
