2870 4874
1020 271 1025 284 ’
1131 327 1178 398 :n

74 516 313 604 Lichopinncis‚
338 518 392 598 qui
414 517 527 584 statim
547 525 632 580 tons
651 528 704 582 ost
725 525 879 601 mortuus,

74 647 226 712 tenebrae
237 639 379 730 magnac
390 649 496 732 ipsun
507 649 691 728 cumcurm,
707 668 805 730 enque
817 649 899 718 liora
917 651 1103 718 occaecatos
1119 665 1176 718 est.

73 780 235 842 Prasaeus
258 776 340 840 haec
362 774 495 858 uidebat.
515 779 621 841 sumit
643 777 791 844 stillum
812 781 1064 869 comprehendit,

74 910 156 994 pede
178 928 250 970 eum
273 904 383 987 trahit,
403 918 439 970 et
461 909 497 972 in
519 921 671 993 mgnum
689 907 815 994 abjicit.
916 905 919 912 ’

76 1039 179 1100 Tenet
200 1059 271 1101 eum
292 1040 423 1119 cervice,
447 1058 515 1138 non
535 1051 643 1126 potest
664 1040 806 1124 effugere

73 1179 209 1232 mortem
232 1171 481 1251 acerbissimam,
502 1171 561 1234 sed
582 1169 651 1239 illic
673 1168 846 1243 suffectum
864 1184 927 1237 est

73 1298 278 1384 Psicharpax
300 1289 451 1381 cucurrit,
471 1301 626 1368 velociter
642 1314 685 1370 ut
704 1305 899 1384 subveniret,

74 1431 144 1493 suis
168 1430 380 1493 familiaribus
402 1431 560 1493 auxilium
582 1444 618 1494 ut
636 1433 731 1496 daret
746 1433 880 1514 (ierint)

73 1560 201 1626 Vixin
223 1571 345 1624 terrem
367 1561 508 1624 redierat
530 1561 701 1642 Pramus,

74 1713 145 1756 cum
167 1676 239 1758 cum
263 1681 357 1756 hasta
379 1693 540 1779 percussit
562 1691 765 1780 Psieharpax
781 1694 922 1776 juvenis.

8 1885 12 1894 ,
75 1823 194 1886 Coram
215 1824 285 1908 ipso
309 1834 544 1903 emonensem,
567 1824 693 1903 cecidit,
713 1826 840 1888 occisus
862 1837 913 1888 ost

75 1965 109 2016 ct
131 1955 242 2016 anima
264 1956 333 2034 ejus
355 1953 444 2013 brevi
467 1954 503 2014 in
525 1953 645 2016 Orcum
667 1955 810 2036 proiecta
831 1965 891 2018 est.
957 2027 965 2031 ,

7 2163 8 2166 ¹
77 2083 308 2146 Crambobotes
330 2083 518 2162 accucurrit,
542 2102 636 2146 nemo
658 2101 730 2146 cum
753 2077 897 2170 impedit,
1007 2092 1015 2102 ‘

73 2215 172 2278 sumit
193 2212 295 2278 lutum
317 2210 426 2292 humo,
448 2233 591 2299 pugnum
613 2233 705 2280 mum
728 2199 850 2300 implet,

74 2355 106 2408 et
123 2345 208 2428 jacit
229 2344 264 2407 in
286 2344 413 2424 tamn,
436 2345 598 2427 nimirum,
620 2355 657 2408 ut
674 2356 867 2414 exoaemret

73 2477 192 2538 bonum
213 2473 479 2558 Psieharpagem,
501 2488 630 2536 etcum
652 2485 791 2538 necaret

74 2605 136 2666 lile
159 2622 235 2664 vcro
257 2621 292 2664 se
314 2601 495 2691 inclinavit,
518 2611 551 2662 et
573 2619 645 2662 cum
669 2602 719 2687 ira
741 2619 873 2665 manum
892 2602 1049 2680 extendit,

76 2731 277 2816 lapidemque
299 2728 508 2796 fortissimum
529 2727 627 2792 humo
648 2729 745 2794 tollit.

77 2862 312 2925 Crambobaten
335 2825 373 2924 co
395 2862 555 2947 percussit
576 2861 613 2924 in
633 2862 776 2948 pedibus,

76 3013 149 3056 ossa
171 2997 240 3076 ejus
263 2991 424 3056 contrivit
471 2991 579 3070 (Tunc
602 2991 673 3072 ille)
695 3012 791 3077 super
814 2991 946 3058 herbam

74 3119 518 3205 eruribussursumporrectis
525 3122 792 3204 extensusJ'acuit,
804 3122 1177 3188 ibiutanimomciflarct.

75 3252 291 3334 Craugasides
314 3251 503 3330 accucurrit,
525 3262 562 3313 ut
583 3251 622 3314 ei.
637 3251 859 3338 opitularetur,

75 3381 327 3469 Psicharpogem
349 3383 478 3463 invasit,
501 3367 570 3466 agit
587 3375 625 3445 ut
646 3382 709 3464 leo,

75 3517 110 3577 in
132 3534 204 3576 eum
226 3513 383 3582 contorsit
398 3515 551 3596 junceam
569 3511 708 3578 -lrostam
807 3525 808 3530 ’

74 3644 193 3706 Ventri
214 3641 368 3723 (vulnus)
390 3643 489 3723 dedit,
512 3643 638 3723 (unde)
663 3663 756 3706 omne
778 3643 861 3707 exiit

67 3779 164 3858 jecur
185 3776 266 3856 ojus,
288 3785 321 3836 et
341 3774 497 3838 intestina
519 3784 595 3836 ante
616 3774 723 3858 ipsum
746 3773 846 3836 elima
868 3783 955 3848 sunt

74 3893 290 3986 Troglodytes
310 3903 438 3967 videbat
459 3902 551 3982 hacc,
573 3923 613 3966 ac
637 3903 762 3982 metuit,

73 4047 108 4099 et
131 4033 214 4116 sugit
238 4052 257 4094 e
277 4030 414 4117 proelio,
435 4032 472 4095 in
494 4035 673 4110 fossamque
696 4051 731 4096 se
754 4031 931 4096 abscondit.

20 4147 23 4160 ⁸
73 4163 225 4228 Peniculo
247 4161 353 4226 noluit
375 4161 575 4224 committere
597 4180 712 4247 corpus
732 4180 836 4243 aarum,

74 4295 132 4358 sed
154 4293 289 4394 dedecus
310 4291 411 4358 volarit
433 4289 552 4396 potere
574 4293 753 4380 pervitam
775 4314 874 4360 suam
