2908 4914
1063 405 1066 412 .
1143 366 1231 419 lm

127 550 375 639 necunquam
401 535 477 609 suit.
528 531 562 608 A
580 534 707 634 quibus
732 535 911 611 onoribus
929 562 975 612 nc
992 537 1231 614 Buttmannus

128 672 271 772 quidem
297 679 336 742 et
359 665 579 742 Mattlriaeus
605 677 728 740 nostra
758 670 927 744 memoria
951 669 1053 745 liberi
1077 671 1230 746 suerunt.

127 801 267 878 Neuter
302 797 468 876 videlicet
504 797 656 888 sciebat,
694 799 876 899 quomodo
909 832 935 902 η
972 799 1231 908 distinguerent

128 933 256 1008 Graeci
286 933 330 1005 ab
359 963 407 1022 v,
437 962 483 1006 vc
514 941 551 1004 et
575 929 723 1031 reliquis
757 931 872 1020 sonis,
905 933 1036 1032 quibus
1067 934 1231 1008 omnibus

128 1066 274 1138 carrdem
300 1071 515 1164 potestatem
541 1087 623 1137 esse
648 1063 750 1138 multi
776 1062 1014 1153 crediderunt,
1039 1065 1124 1138 item
1147 1089 1233 1138 nen·

126 1208 189 1286 ter,
215 1223 321 1296 quam
346 1196 443 1273 varia
469 1205 567 1270 esset
592 1195 743 1296 prolatio
770 1203 840 1271 τοῦ
858 1229 891 1286 κ,
918 1197 1016 1296 quod
1034 1195 1135 1271 aliter
1151 1222 1232 1297 pro-

127 1329 238 1402 fertur
263 1328 301 1399 in
326 1325 480 1430 ἀνάγκη
506 1337 543 1400 et
567 1328 604 1400 in
630 1327 825 1428 Περικλῆς,
851 1327 954 1402 aliter
977 1329 1015 1402 in
1041 1325 1146 1419 datad,
1172 1327 1232 1400 ali·

125 1471 182 1534 ter
205 1461 248 1532 in
262 1462 564 1549 §asinoqueuten
585 1459 764 1558 quomodo
782 1460 1002 1559 discreparet
1018 1487 1039 1531 τ
1054 1459 1091 1530 iu
1109 1465 1234 1533 ταῦτα

126 1594 170 1666 ab
195 1591 322 1666 eodem
347 1589 526 1664 elemento
550 1590 588 1663 in
612 1589 707 1682 ἀντὶ,
734 1589 789 1668 vel
815 1588 996 1692 quomodo
1022 1587 1181 1664 differret
1205 1617 1234 1664 π

126 1726 164 1798 in
188 1724 329 1820 πάσχω
354 1723 398 1796 ab
425 1723 549 1798 eadem
575 1749 732 1798 consona
766 1723 803 1797 in
834 1721 1073 1822 συμπάσχω.
1123 1721 1233 1796 Mino

128 1855 205 1946 alia,
229 1855 267 1928 in
294 1855 425 1953 quibus
450 1855 543 1952 lapsi
568 1864 662 1943 sunt,
687 1855 769 1952 quia
787 1855 977 1930 molestum
1003 1864 1071 1942 est,
1095 1853 1234 1950 singula

130 2009 347 2076 enumerare.
396 1983 511 2056 Porro
536 1985 718 2071 omnibus,
744 1985 804 2082 qui
827 1983 970 2056 Erasmi
999 1983 1235 2083 patrocinium

127 2124 374 2216 susceperunt,
399 2113 556 2215 vulgaris
588 2113 707 2215 lingua
733 2114 870 2190 Graeca
895 2115 1017 2216 ignota
1042 2124 1127 2191 erat
1184 2113 1236 2192 At

127 2250 304 2323 nominem
324 2270 490 2348 unquam,
510 2248 570 2348 qui
586 2273 708 2348 parem
728 2273 807 2322 cum
824 2258 977 2348 utraque
995 2248 1113 2346 lingua
1130 2273 1235 2322 usum

128 2391 166 2456 ct
191 2381 294 2481 quasi
318 2380 591 2455 familiaritatem
616 2385 807 2471 contraxit,
840 2382 903 2481 qui
933 2381 1121 2479 utriusque
1154 2406 1236 2453 ana-

127 2514 268 2612 logiam.
288 2513 466 2612 percepit,
496 2513 561 2609 qui
592 2537 667 2583 non
696 2509 804 2581 modo
837 2537 857 2582 e
889 2510 1007 2598 libris,
1040 2511 1236 2584 sedetiam

131 2641 337 2740 quotidiana
355 2637 533 2736 'loquendi
558 2638 824 2737 opportunitate
843 2623 1020 2711 Graecum
1037 2637 1237 2714 sermonem

130 2771 264 2860 didicit
296 2768 480 2844 dubitasse
505 2769 655 2859 scimus,
685 2788 771 2842 num
801 2780 943 2884 veteres
976 2769 1106 2845 Graeci
1136 2769 1238 2846 aliter

128 2901 401 3005 pronuntiarint,
427 2927 533 3001 quam
557 2899 785 2976 recentiores.
823 2875 1051 3004 lneptissima
1076 2929 1162 2980 vero
1179 2903 1237 2978 illa
1282 2956 1287 2969 ·

129 3045 215 3112 sunt
239 3045 463 3137 argumenta,
488 3035 619 3134 quibus
645 3033 891 3108 demonstrare
920 3035 1098 3125 nituntur,
1131 3037 1238 3136 dego-

128 3191 279 3242 nerasse
303 3165 500 3240 recentium
525 3164 745 3242 Graecorum
777 3163 1031 3266 pronuntiandi
1061 3167 1237 3241 rationem

131 3300 176 3373 ab
201 3298 358 3400 antiqua.
413 3297 508 3375 Nam
539 3288 636 3400 quod
670 3298 830 3400 plerique
862 3307 1039 3387 statuunt,
1072 3297 1237 3374 idoneam

130 3431 176 3504 ad
200 3431 270 3515 hoc
294 3429 516 3532 probandum
540 3431 694 3534 linguam
719 3432 863 3508 latinam
889 3457 981 3521 esse,
1006 3430 1043 3504 id
1061 3427 1238 3530 duplicem

131 3580 288 3638 errorem
314 3564 483 3638 continet.
531 3551 635 3638 lllter
665 3575 738 3656 est,
770 3563 883 3665 quod,
914 3587 1025 3664 quum
1055 3562 1238 3659 antiquam

17 3777 18 3786 ,
130 3667 315 3772 Romanae
344 3695 486 3798 linguae
510 3685 835 3796 pronuntiationem
860 3721 934 3768 non
959 3691 1110 3792 amplius
1135 3693 1239 3768 catto

133 3852 252 3913 amuS,
289 3853 333 3900 ex
363 3831 484 3926 ignota
515 3829 803 3928 pronuntiatione
835 3825 1001 3923 colligere
1031 3823 1119 3900 nihil
1140 3805 1238 3904 «certi

132 3981 329 4060 possumus
366 3959 411 4030 ad
430 3960 599 4034 alterius·
617 3960 759 4060 linguae
789 3981 899 4031 sonos
929 3966 1028 4031 recte
1057 3959 1239 4060 proferen-

134 4091 214 4166 dos.
265 4087 396 4188 Neque
423 4089 516 4161 enim
542 4115 757 4194 quemquam
783 4090 918 4189 opinari
950 4099 1102 4190 oportet,
1128 4092 1238 4166 Conr.

135 4221 250 4322 Leop.
300 4219 560 4296 Schneiderum
609 4221 667 4300 rel
709 4221 796 4296 alios
845 4211 946 4298 veras
996 4223 1238 4296 llomanorum

134 4353 389 4454 pronuntiandi
419 4355 519 4457 leges
558 4353 889 4432 e'discordantium
922 4355 1248 4429 Grammaticorum
