2860 4870
228 269 298 351 108Ι

228 472 295 552 rio,
328 469 385 534 sed
417 469 527 534 statim
555 489 596 532 ex
623 487 662 530 eo
689 465 919 531 deminutivum
946 456 1136 546 σκοινάριον
1169 467 1341 538 formasse.

228 591 405 657 Scholiast.
429 591 574 678 Oppiani
594 589 683 654 lib.l
705 588 847 653 Halieut.
871 609 899 653 v.
917 587 981 654 735
1004 575 1114 664 σάκος,
1136 581 1341 672 σκουτάριοο.

227 715 432 780 Justinianus
460 715 496 776 in
523 714 606 778 Nou.
634 712 694 794 85,
723 734 791 798 eap.
821 708 851 776 4.
881 701 1021 781 ἀσπίδας
1051 696 1115 786 i‘srou
1147 705 1339 796 oeowu'pm,

228 838 306 904 Vid.
328 837 476 922 Duoang.
500 836 545 918 ll,
570 833 665 901 1398.
688 869 733 884 -
756 835 947 914 Caeteroqui
971 825 1245 906 reinduimus&
1268 858 1339 899 σκε.

228 951 384 1043 adoptare
406 962 680 1046 interpretandum
703 969 767 1020 est:
790 953 1004 1020 lucernorum
1028 965 1241 1042 tegumenta,
1273 982 1340 1026 non

228 1080 396 1162 umbones,
419 1093 455 1146 ut
479 1081 612 1145 Crusius
635 1079 717 1143 saiso
740 1080 872 1143 addidit.

359 1202 402 1264 V.
427 1200 500 1264 224.
543 1191 584 1260 ud
611 1193 762 1280 nonnique
789 1196 923 1264 hastae.
974 1200 1102 1264 Nomen
1130 1191 1251 1284 κοντᾶρι
1278 1207 1329 1268 vel

228 1311 393 1404 κοννάρων
420 1345 462 1388 ex
488 1325 560 1410 ipso
588 1335 730 1388 veterum
756 1323 910 1387 vocabulo
946 1312 1110 1403 κοννάρων
1139 1325 1334 1392 derninutivo

229 1449 316 1512 voeis
338 1438 452 1517 Υκοντός
480 1443 612 1510 iluxisse
640 1447 807 1527 existimo,
837 1446 914 1509 lieet
941 1446 1139 1529 significatio
1169 1450 1338 1534 paululum

229 1582 353 1634 mutata
375 1571 428 1632 sit.
481 1566 541 1633 Sia
563 1572 633 1652 jam
662 1565 774 1632 Schol.
804 1569 948 1655 Oppiani
975 1569 1029 1631 lib.
1053 1567 1074 1630 2
1102 1590 1130 1632 v.
1155 1569 1198 1634 95
1227 1571 1340 1654 δοῦρα,
1409 1567 1410 1578 ’

229 1683 380 1774 κοννᾶρια
401 1703 433 1754 et
455 1713 484 1754 v.
507 1689 572 1756 329
596 1677 707 1772 ἔγχεα,
729 1680 888 1770 κοννάρια.
934 1687 1075 1776 Saepius
1098 1694 1183 1779 apud
1202 1697 1341 1783 scripto·
1410 1666 1411 1684 Χ

231 1837 285 1882 res
306 1817 406 1880 medii
428 1815 499 1878 aevi
522 1815 690 1900 reperitur.
736 1808 786 1875 Cf.
808 1811 956 1896 Dueang.
981 1812 1034 1877 Gl.
1057 1814 1096 1877 T.
1120 1815 1137 1879 Ι
1158 1837 1190 1902 p.
1215 1816 1294 1883 707.

363 1937 406 2000 V.
431 1935 505 2001 225.
553 1937 647 2014 Quod
669 1935 755 2022 apud
777 1936 925 2016 antiquos
948 1929 1109 2016 ἐρέβινθος
1129 1950 1193 2019 est,
1218 1941 1253 2003 id
1276 1940 1343 2007 hoe

230 2061 303 2124 loeo
330 2081 350 2124 a
372 2061 465 2124 Zeno
491 2053 634 2140 ρἔιξοος,
661 2058 757 2141 vulgo
786 2078 873 2121 nune
894 2079 914 2122 a
938 2058 1070 2122 Graecis
1092 2053 1193 2140 ῥεβίβι
1214 2064 1267 2126 vel
1291 2060 1343 2144 ρο.

231 2176 517 2261 praenominatur.
561 2181 752 2263 Ducangius
774 2182 864 2246 Tom.
881 2180 915 2244 ll
937 2203 968 2268 p.
987 2181 1071 2248 1286
1094 2183 1203 2246 laudat
1222 2197 1255 2248 et
1271 2189 1342 2249 sor·
1414 2264 1415 2268 Ἰ

231 2324 302 2367 mas
323 2296 479 2380 ῥέβὶνὲος
500 2313 533 2364 et
559 2293 736 2378 ῥεβύνὲιον.
790 2301 840 2365 Gi.
870 2302 979 2368 Crusii
1008 2306 1272 2386 Tureograeeiam
1298 2329 1335 2390 p.

232 2425 296 2491 217
327 2438 359 2488 et
386 2423 551 2510 Agapium
581 2422 772 2488 Cretensem
798 2425 835 2488 in
864 2425 1007 2514 Geopon.
1031 2450 1055 2491 e.
1079 2423 1129 2489 52.
1151 2422 1203 2489 85.
1249 2423 1339 2486 Cru-

233 2552 301 2615 ssius
332 2550 430 2613 verba
459 2544 592 2628 χλωρῶν
613 2538 750 2628 ῥῑβῖἓων
777 2561 864 2614 reete
896 2553 1021 2632 quidem
1049 2549 1152 2614 reddit
1179 2541 1342 2614 uiridium

231 2671 388 2748 cicerrrm,
409 2672 466 2734 sed
488 2672 571 2754 quod
593 2673 706 2756 adJ'ieit
727 2691 786 2736 seu
806 2693 925 2736 nircum
953 2692 1184 2758 superuacuum
1214 2681 1271 2733 ast.
1294 2703 1343 2716 —-

232 2791 398 2874 ἠφλοῦδα
419 2793 470 2857 vel
492 2783 523 2853 sd
548 2784 661 2870 φλοῦδι
689 2793 773 2858 valet
799 2789 957 2854 corticem
986 2801 1018 2852 et
1040 2797 1206 2870 putamen
1229 2793 1264 2852 in
1290 2813 1343 2855 re.

233 2921 376 2984 eentiore
404 2915 527 2999 lingua.
579 2918 668 2982 Nata
696 2925 745 2978 est
773 2910 853 2976 haee
880 2911 978 2974 dictio
1007 2931 1048 2973 ex
1076 2922 1219 2974 veterum
1241 2903 1343 2990 ‹pidog

232 3041 283 3106 vel
305 3038 410 3118 φλοῧς.

364 3162 408 3225 V.
431 3159 506 3226 296.
551 3164 602 3227 De
631 3162 784 3228 vocabulo
811 3153 908 3243 κορμί
935 3161 1004 3225 dini
1032 3160 1073 3223 ad
1100 3178 1180 3223 vers.
1210 3153 1264 3222 94.
1293 3191 1342 3204 -

232 3273 428 3360 ἁρμάτωναν
449 3302 516 3342 eor.
540 3282 610 3344 lud.
634 3295 694 3345 aet
718 3285 807 3346 verbi
830 3275 997 3361 dppuoedvm
1019 3302 1132 3361 muno,
1160 3276 1268 3342 arenis
1290 3276 1343 3341 ἰη-

232 3409 336 3465 timo.
359 3395 501 3461 Verbum
517 3396 639 3458 latinae
655 3401 793 3478 originis
807 3411 863 3464 ast.
888 3400 964 3460 Vid.
981 3401 1089 3460 adnot.
1104 3400 1145 3460 ad
1162 3419 1243 3460 vers.
1260 3399 1342 3464 dtr.

232 3522 375 3591 Utuntur
399 3516 459 3582 hoe
481 3519 575 3581 verbo
598 3519 720 3606 passim
742 3519 915 3604 scriptores
938 3519 1123 3602 Byzantiui.
1169 3519 1246 3583 Vid.
1272 3521 1343 3586 Du.

235 3666 327 3730 eang.
350 3667 375 3708 s.
392 3666 420 3707 v.
438 3635 608 3723 ἁρμανοῧν.
632 3677 674 3688 -
697 3635 760 3702 dud
784 3645 1018 3729 comparationi
1041 3643 1096 3708 hie
1117 3645 1226 3724 servit,
1250 3651 1343 3730 eujus

235 3769 307 3834 loeo
330 3781 362 3832 et
384 3756 471 3848 παρὰ
494 3789 521 3830 e.
544 3785 648 3830 aeuus.
671 3769 826 3830 usitatum
848 3779 906 3829 est.
953 3765 1115 3832 Similiter
1124 3771 1195 3850 jam
1213 3766 1342 3850 Thucy-

236 3892 320 3955 didis
349 3890 526 3955 solroliasta
555 3890 596 3953 ad
625 3888 679 3955 lib.
710 3891 727 3954 Ι
759 3910 828 3974 cap·
858 3886 901 3952 28
933 3891 1041 3975 posuit
1070 3892 1343 3978 praepositionem

236 4003 310 4074 οἷπό.
354 4011 553 4094 Thucydidis
575 3979 672 4078 verba
694 4024 770 4076 sunt
792 4045 834 4058 --
857 4006 885 4072 εἰ
906 4003 941 4073 δὲ
962 4003 1023 4094 μὴ,
1046 4003 1103 4073 παὶ
1125 4004 1215 4074 αὐτοὶ
1240 4007 1342 4094 duay.

168 4184 173 4193 .
237 4123 467 4210 κασβῆσεσθαι
480 4122 616 4217 ἐ’φασαν,
631 4128 757 4196 ἐκείνων
768 4130 974 4216 βιαζομένων,
987 4128 1097 4215 φίλους
1116 4136 1275 4206 anteierat
1287 4120 1343 4205 οὓς

239 4252 279 4322 οὐ
293 4249 469 4337 βούλονται,
491 4250 613 4339 ἐνέρους
634 4257 695 4320 νῶν
716 4257 776 4320 νῦν
798 4244 896 4342 ὄντων
916 4259 1051 4341 μᾶλλον,
1072 4249 1222 4337 ὠφελείας
1238 4247 1342 4337 ἕνεκα,
