2860 4870
1134 251 1201 320 117

93 453 167 497 rum
186 433 372 498 discrimine
394 442 520 516 servato
543 433 573 496 is
596 431 689 512 dicit,
713 434 763 498 cui
786 436 893 500 varias
920 441 960 502 ob
983 459 1096 508 causas
1122 466 1193 530 pro-

92 557 194 622 babile
215 557 351 636 videtur,
375 554 512 618 alterum
534 532 725 640 scripturum
752 579 837 637 esse,
869 561 985 625 mirum
1013 576 1194 651 putaturus,

86 679 119 742 si
141 700 210 742 non
231 679 396 741 scriberet
447 674 579 739 Diutius
601 675 677 740 huic
699 683 887 760 argumento
915 689 1105 769 exponendo
1132 690 1192 754 im·

86 811 234 864 moratus
256 819 343 880 sum,
367 798 448 880 quod
471 800 532 862 atsi
554 797 713 885 philologi
735 801 856 884 passim
884 805 1061 887 attigerunt
1089 809 1137 890 (v,
1161 833 1188 875 c.

88 923 127 984 G.
150 921 354 986 Hermannus
377 923 417 984 ad
442 918 543 1007 Soph.
566 921 621 1005 Aj.
643 941 672 985 v.
688 919 784 1001 1061,
806 921 956 988 Bromius
971 927 1189 994 adDernosth.

87 1041 223 1126 Olynth.
247 1033 277 1102 α’
301 1033 373 1125 (γ’)
396 1041 414 1128 ψ
437 1035 481 1119 ς’,
504 1042 710 1106 Heindoriius
734 1044 775 1106 ad
797 1044 884 1108 Plat.
908 1045 1075 1116 Phaedon.
1108 1049 1190 1130 §32

82 1175 117 1228 ct
139 1165 271 1250 Protng.
296 1167 313 1246 ψ
339 1164 395 1247 19,
426 1167 579 1255 aquibus
602 1165 752 1251 exempla
773 1167 840 1252 peti
861 1173 1018 1253 possunt)
1045 1192 1113 1236 non
1141 1186 1188 1240 ta-

81 1307 158 1349 rnen
180 1291 230 1351 sic
251 1291 292 1353 alr
316 1289 391 1352 aliis
413 1288 608 1375 explicatum
630 1287 777 1364 invenio,
808 1299 843 1351 ut
865 1290 948 1355 milri
979 1296 1079 1359 otium
1105 1298 1185 1362 iece-

81 1410 161 1472 rint.
207 1409 259 1474 Ex
280 1412 420 1492 quinque
442 1409 510 1473 illis
531 1409 682 1491 loquendi
705 1410 807 1474 modis
829 1411 907 1474 duos
920 1417 1061 1501 ⁴retinnit
1077 1437 1185 1482 recen·

77 1532 145 1592 tior
168 1531 351 1595 Graecias.-
396 1532 513 1613 Liquet
547 1545 670 1611 autem,
705 1552 800 1613 quum
832 1519 875 1592 άυ
906 1534 986 1598 illud
1020 1529 1185 1612 dommim

77 1655 256 1735 evanuerit,
279 1675 376 1735 quum
397 1673 495 1740 porro
517 1655 669 1735 antiquae
692 1656 791 1718 futuri
813 1658 968 1741 temporis
990 1659 1112 1722 formae
1133 1663 1185 1724 ob·

75 1774 241 1840 litteratae
264 1778 348 1856 sint,
371 1795 467 1858 quum
495 1777 634 1860 denique
663 1776 845 1840 infinitivus
873 1789 1015 1842 ueterum
1042 1780 1078 1843 in
1107 1780 1185 1846 ohli-

75 1897 205 1968 vionem
232 1899 366 1978 abierit,
402 1918 464 1961 nec
490 1899 558 1962 nisi
587 1896 871 1962 circumlocutione
903 1920 925 1963 a
952 1903 1184 1967 recentioribus

76 2021 147 2102 ejus
168 2039 283 2082 sensus
304 2021 497 2105 proteratur,
520 2019 582 2082 hoc
604 2019 708 2082 solum
730 2040 771 2082 ex
788 2003 927 2105 pristina
945 2020 1038 2109 copia
1053 2025 1183 2111 inopiae

72 2140 229 2205 solatium
251 2161 429 2227 superesse,
453 2143 535 2222 quod
557 2141 714 2204 infinitivi
740 2141 1038 2208 circumlocutiones
1055 2144 1110 2209 hic
1127 2148 1181 2210 ad-

74 2260 187 2326 hibere
209 2263 292 2326 licat.
345 2266 559 2340 Quamobrem
581 2276 712 2326 nostrae
736 2265 908 2330 memoriae
927 2264 1043 2330 Graeci
1061 2267 1181 2354 duplici

72 2385 168 2448 modo
197 2386 234 2448 in
263 2387 323 2449 tali
352 2362 449 2450 causa
476 2386 666 2467 loquuntur,
695 2395 750 2450 aut
777 2378 888 2458 ε’λπίζω
909 2377 953 2446 ool
973 2377 1102 2466 γράψρ,
1124 2402 1181 2452 ant

75 2495 187 2576 ἐλπίζω
209 2496 253 2562 νά
272 2499 382 2584 γράψῃ
404 2507 556 2569 dicentes.
609 2505 702 2578 Quae
730 2522 804 2583 cave
826 2523 869 2566 ne
893 2504 979 2568 nihil
1000 2505 1181 2570 aliudesse

39 2585 49 2598 κ
75 2625 200 2703 credes,
225 2645 319 2704 quam
342 2623 429 2686 hanc
451 2623 612 2707 duplicem
639 2630 781 2683 veterum
804 2623 931 2684 dicendi
952 2625 1113 2686 rationem
1135 2621 1182 2684 ἐλ.

75 2737 155 2819 πίζω
177 2733 274 2805 αὐτὸν
293 2733 420 2826 γράψαι
442 2756 473 2809 et
502 2735 612 2818 ἐλπίζω
634 2731 733 2802 αὐτὸν
753 2730 896 2822 γράφειν.
948 2742 1078 2808 Etenim
1106 2765 1182 2827 quo.

73 2869 164 2930 niam
196 2870 401 2950 antiquorum
436 2870 576 2934 fcturum
611 2853 728 2946 γράψω
763 2863 936 2950 dupliciter
968 2887 1028 2953 pro
1061 2867 1182 2953 duplici

72 2992 212 3054 actionis
234 3006 361 3071 natura,
385 2993 423 3052 de
447 3011 508 3072 qua
532 2991 619 3068 dixi,
643 2989 679 3050 in
701 2988 805 3049 nostri
834 2989 987 3074 temporis
1016 2988 1180 3052 Graecita-

71 3127 138 3177 tem
161 3116 354 3177 transfertur
376 3105 462 3182 βάλω
485 3100 602 3192 γράψει
625 3100 732 3189 (βέλει
753 3099 886 3189 γράψω,
915 3101 957 3179 δέ
979 3099 1024 3171 νά
1052 3110 1103 3174 vel
1131 3120 1181 3180 θα

69 3222 208 3317 γράψω)
231 3246 265 3299 et
286 3227 371 3306 ἑάλω
392 3224 510 3316 γράφει
532 3225 640 3314 (βέλει
661 3223 788 3312 γράφω)
810 3223 851 3300 §a
873 3221 916 3290 νᾶ
944 3231 994 3295 vel
1022 3220 1071 3302 δά
1100 3220 1179 3314 ypsi·

69 3358 150 3439 φω),
173 3351 375 3443 perspicuum
397 3369 462 3436 est,
487 3357 519 3420 id
541 3355 626 3438 quod
654 3357 813 3418 veteribus
842 3366 914 3417 erat
943 3346 1053 3428 ἐλπίζω
1080 3343 1179 3414 αὐτὸν

68 3470 207 3561 γράψειν
229 3501 287 3567 pro
310 3482 448 3545 actionis
470 3479 688 3564 discrepantia
711 3497 799 3541 nunc
820 3477 979 3562 appellari
1002 3469 1115 3550 ἐλπίζω
1135 3466 1178 3534 νά

69 3591 181 3684 γράψῃ
209 3613 242 3666 et
269 3593 379 3673 ἐλπίζω
408 3591 452 3658 νά
478 3590 596 3679 γράφῃ.
646 3600 760 3678 ltaque
789 3588 900 3667 ἐλπίζω
929 3586 972 3652 νά
997 3585 1106 3676 γράψῃ
1128 3612 1177 3654 re-

68 3725 207 3808 spondet
239 3723 291 3786 his
327 3724 533 3802 antiquorum
569 3719 720 3799 loquendi
738 3777 740 3785 Α
755 3715 901 3780 formulis
935 3705 1046 3784 ἐλπίζω
1081 3707 1178 3772 αὐτὸν
1227 3705 1229 3715 '

69 3833 220 3926 γράφειν,
250 3836 360 3916 ἐλπίζω
382 3835 481 3904 αὐτὸν
502 3829 544 3904 dv
566 3831 701 3922 γράφειν
728 3850 761 3902 et
790 3828 901 3907 ἐλπίζω
923 3823 1020 3892 αὐτὸν
1040 3822 1178 3914 γράψειν

69 3978 167 4047 atquc
196 3955 306 4035 ἐλπίζω
332 3953 375 4023 νά
401 3954 512 4044 γράψῃ
541 3975 682 4026 veterum
711 3959 925 4023 locutionibus
948 3947 1058 4030 ἐλπίζω
1080 3947 1177 4018 αὐτὸν

68 4075 207 4172 γράψαι,
231 4075 343 4157 ἐλπίζω
365 4074 463 4144 αὐτὸν
483 4075 608 4164 γράψαι
636 4070 679 4144 do
706 4093 739 4144 et
767 4071 878 4150 ἐλπίζω
906 4071 1003 4138 αὐτὸν
1027 4065 1174 4161 γράψειν.

69 4241 114 4258 ·-·
138 4203 272 4290 ε’μποῦσι
294 4206 345 4271 vel
368 4199 488 4286 ἐμποῢν
510 4203 530 4269 3
552 4224 636 4294 pers.
658 4203 792 4290 pluer.
816 4205 898 4285 conj.
923 4204 1008 4266 verbi
1036 4190 1176 4282 ε’μπαίνω
