2870 4874
123 423 219 512 'Vada
243 431 438 510 instratum
460 437 542 524 ejus,
565 436 633 518 illo,
656 440 709 504 ubi
733 441 837 519 cubat,

125 579 256 643 mordeo
278 578 384 664 ipsum
406 575 443 637 in
468 570 583 654 digito,
606 591 665 634 nec
686 574 920 670 animadvertit

126 710 264 775 Mordeo
287 719 321 771 et
342 705 464 768 calcem
486 705 564 786 ejus,
588 722 787 785 nequaquam
810 705 843 768 id
864 715 965 783 curat,

126 843 186 905 sed
208 839 327 906 dormit
348 838 498 915 suaviter,
520 825 626 898 itaut
648 847 774 900 stertat.

130 975 343 1051 Quaecunque
366 967 572 1032 inveniuntur
595 967 631 1031 in
654 977 751 1046 terra,
774 985 975 1048 nequaquam
997 985 1036 1030 ea
1058 987 1145 1048 curo,
1212 982 1216 993 ·

118 1103 222 1166 'felem
244 1097 412 1182 (tuntum)
431 1111 464 1162 et
484 1099 672 1186 accipitrem
693 1119 793 1185 supra
814 1099 944 1164 modum
965 1109 1084 1176 tremo;

126 1246 159 1299 ct
182 1234 262 1298 illud
284 1233 434 1316 (notum)
458 1229 639 1317 decipulum
662 1233 770 1298 cuncti
791 1252 852 1296 nos
875 1231 1009 1296 odimus.

128 1365 216 1430 Dolo
240 1363 295 1427 dat
316 1376 470 1441 mortem3
492 1362 565 1426 idco
587 1361 669 1428 illud
690 1361 817 1428 horreo.

128 1497 155 1563 F
156 1496 238 1560 elem
261 1496 440 1576 ubicunque
461 1491 565 1573 video,
588 1504 621 1556 et
642 1495 752 1558 ubiubi
774 1495 1005 1576 animadverto,

128 1637 207 1716 prae
229 1638 317 1691 metu
339 1645 411 1690 meo
434 1626 525 1706 abeo,
548 1626 616 1688 iere
638 1636 674 1689 ut
696 1625 872 1688 exanimor.

130 1757 285 1842 (ltaque)
308 1757 372 1822 buc
394 1769 427 1822 et
448 1757 525 1822 illuc
540 1768 697 1844 respecto,
720 1777 859 1839 quonam
874 1757 968 1822 modo
983 1779 1056 1823 cam
1073 1761 1236 1844 effugiam,

131 1904 164 1954 et
180 1892 343 1954 inveniam
360 1891 506 1952 foramen
519 1888 588 1952 illic
599 1891 635 1951 in
649 1889 841 1973 propinquo,
852 1901 936 1953 uteo
947 1910 1127 1977 properem,
1143 1905 1176 1956 et
1187 1914 1237 1956 me

133 2023 184 2084 Ne
201 2040 264 2102 qua
279 2016 529 2106 comprehendat
542 2037 604 2098 me,
621 2017 762 2098 invadat,
778 2029 810 2080 et
825 2039 876 2080 me
891 2020 1034 2103 suffocet,
1068 2023 1237 2106 [condem

131 2163 165 2216 et
186 2154 222 2215 in
244 2149 307 2214 boc
325 2148 462 2240 pulcbro
486 2145 627 2237 corpore¹
642 2169 766 2233 ungues
788 2169 864 2214 suos
886 2151 1014 2238 defigat

130 2285 221 2349 Haec
243 2284 308 2348 tria
330 2283 537 2349 inveniuntur
558 2283 595 2347 in
617 2280 716 2369 piano
739 2294 771 2345 et
793 2283 829 2346 in
852 2283 1012 2349 montibus

130 2415 213 2480 mibi
231 2427 264 2480 ct
285 2416 399 2500 generi
419 2435 499 2478 meo·
514 2415 640 2480 inimici
662 2412 828 2500 capitales.

132 2545 202 2609 Sed
223 2557 259 2607 tu
281 2546 435 2608 formidas
455 2544 618 2620 universa,
640 2555 708 2604 tum
729 2557 841 2626 parva,
863 2555 932 2607 tum
953 2566 1084 2628 magna,

134 2674 279 2762 reptilia,
302 2672 455 2748 volucria,
476 2669 624 2734 homines
646 2681 679 2733 et
702 2681 845 2750 caetera3
923 2671 925 2678 ’

111 2765 229 2889 'atquc
251 2816 287 2868 ut
309 2804 388 2868 dicit
408 2803 621 2890 prouerbium,
645 2803 790 2868 umbram
813 2815 903 2868 tuam
924 2806 1050 2870 metuis.
1111 2835 1113 2840 ¹

135 2937 217 3002 Sola
238 2958 301 3003 vox
323 2947 379 3001 tua
401 2956 518 3023 aspera
540 2946 572 2998 te
594 2937 719 2999 indicat
740 2935 856 3019 (csso)
878 2936 1009 3020 aliquid
1055 2933 1058 2940 ’

132 3069 204 3156 Ego
226 3091 294 3134 non
315 3089 427 3133 vescor
449 3066 599 3146 oleribus,
622 3066 723 3148 (aut)
746 3067 940 3152 palustribus
962 3069 1082 3152 herbis,

134 3223 196 3266 nec
217 3201 371 3279 brassica,
394 3218 454 3261 noc
476 3198 561 3284 apio,
584 3218 644 3262 neo
664 3219 774 3285 porro,
794 3210 854 3263 aut
875 3198 1040 3287 raphanis.

134 3333 196 3397 His
220 3332 366 3396 omnibus
388 3331 556 3394 vescimini
575 3351 643 3410 vos,
666 3332 763 3396 otiis
785 3331 1002 3414 delectamini,

135 3466 313 3548 quicunque
334 3464 371 3526 in
393 3462 511 3550 palude
531 3465 680 3543 manetis,
703 3475 736 3530 et
757 3465 840 3533 inibi
861 3463 1028 3529 habitatis.

135 3597 219 3660 Tum
241 3593 487 3678 Physignatbus
509 3597 677 3660 subridens
698 3593 835 3681 pulchro
857 3595 959 3680 ipsius
982 3594 1077 3656 modo

135 3725 390 3814 Psicharpagem
411 3727 549 3812 aspexit,
572 3727 743 3808 dicensque
766 3725 850 3806 (ita)
873 3725 1055 3810 respondit:
1098 3723 1103 3734 '

136 3853 274 3920 Multum
296 3857 457 3939 glorieris,
480 3859 582 3922 amice
604 3859 661 3937 mi,
684 3869 721 3920 tu
742 3857 781 3919 de
804 3855 892 3939 gula,

137 3984 283 4051 dulcibus
305 3984 469 4069 (scilicet)
491 3990 585 4053 rebus
607 3999 640 4052 te
661 3986 787 4072 replere
809 3996 953 4050 ventrem
974 3985 1109 4070 (tuum).

138 4119 247 4185 Etiam
262 4115 347 4206 apud
360 4136 422 4179 nos
443 4118 653 4181 inveniuntur
676 4117 809 4198 cibaria,
831 4118 984 4185 advitam
1001 4133 1143 4186 nostram
1159 4120 1242 4199 (sus-

139 4261 172 4313 et
187 4250 223 4314 in
238 4250 329 4334 aquis
343 4260 377 4314 et
391 4249 427 4314 in
442 4260 531 4314 terra
544 4245 690 4328 nascitur
706 4251 807 4320 victus
823 4263 942 4322 noster.
1006 4248 1242 4333 [onunmmb
