<?xml version="1.0" encoding="UTF-8"?>
<!DOCTYPE html PUBLIC "-//W3C//DTD XHTML 1.0 Transitional//EN"
    "http://www.w3.org/TR/xhtml1/DTD/xhtml1-transitional.dtd">
<html xmlns="http://www.w3.org/1999/xhtml" xml:lang="en" lang="en">
 <head>
  <title>
</title>
<meta http-equiv="Content-Type" content="text/html;charset=utf-8" />
  <meta name='ocr-system' content='tesseract 3.04.00' />
  <meta name='ocr-capabilities' content='ocr_page ocr_carea ocr_par ocr_line ocrx_word'/>
</head>
<body>
  <div class='ocr_page' id='page_1' title='image "./demetriizenipar01mullgoog_0117.png"; bbox 0 0 2870 4874; ppageno 0'>
   <div class='ocr_carea' id='block_1_1' title="bbox 1157 283 1205 356">
    <p class='ocr_par' dir='ltr' id='par_1_1' title="bbox 1157 283 1205 356">
     <span class='ocr_line' id='line_1_1' title="bbox 1157 283 1205 356; baseline 0 0"><span class='ocrx_word' id='word_1_1' title='bbox 1157 283 1205 356; x_wconf 75' lang='lat'><strong>49</strong></span> 
     </span>
    </p>
   </div>
   <div class='ocr_carea' id='block_1_2' title="bbox 77 458 1198 2740">
    <p class='ocr_par' dir='ltr' id='par_1_2' title="bbox 225 458 1196 562">
     <span class='ocr_line' id='line_1_2' title="bbox 225 458 1196 562; baseline 0.018 -40"><span class='ocrx_word' id='word_1_2' title='bbox 225 465 268 528; x_wconf 89' lang='lat' dir='ltr'><strong>V.</strong></span> <span class='ocrx_word' id='word_1_3' title='bbox 293 465 334 532; x_wconf 64' lang='lat'><strong>8„</strong></span> <span class='ocrx_word' id='word_1_4' title='bbox 364 458 426 526; x_wconf 74' lang='grc' dir='ltr'><strong>ἀπὸ</strong></span> <span class='ocrx_word' id='word_1_5' title='bbox 441 483 528 528; x_wconf 86' lang='lat' dir='ltr'><strong>nuno</strong></span> <span class='ocrx_word' id='word_1_6' title='bbox 546 481 669 548; x_wconf 81' lang='lat' dir='ltr'>semper</span> <span class='ocrx_word' id='word_1_7' title='bbox 686 479 756 526; x_wconf 83' lang='lat' dir='ltr'><strong>oum</strong></span> <span class='ocrx_word' id='word_1_8' title='bbox 772 462 967 532; x_wconf 83' lang='lat' dir='ltr'><strong>Aeeusativo</strong></span> <span class='ocrx_word' id='word_1_9' title='bbox 982 478 1196 562; x_wconf 76' lang='lat' dir='ltr'><strong>conjungitur.</strong></span> 
     </span>
    </p>

    <p class='ocr_par' dir='ltr' id='par_1_3' title="bbox 77 580 1198 2740">
     <span class='ocr_line' id='line_1_3' title="bbox 224 580 1198 674; baseline 0.022 -27"><span class='ocrx_word' id='word_1_10' title='bbox 224 580 433 667; x_wconf 60' lang='grc' dir='ltr'><strong>ε’ῤῥιμαρίσβη</strong></span> <span class='ocrx_word' id='word_1_11' title='bbox 462 585 597 649; x_wconf 78' lang='lat' dir='ltr'><strong>Cresius</strong></span> <span class='ocrx_word' id='word_1_12' title='bbox 620 587 728 648; x_wconf 84' lang='lat' dir='ltr'><strong>vertit:</strong></span> <span class='ocrx_word' id='word_1_13' title='bbox 760 584 810 648; x_wconf 84' lang='lat' dir='ltr'><strong>ad</strong></span> <span class='ocrx_word' id='word_1_14' title='bbox 830 583 1023 674; x_wconf 83' lang='lat' dir='ltr'><strong>Ilbytbmos</strong></span> <span class='ocrx_word' id='word_1_15' title='bbox 1049 595 1198 668; x_wconf 84' lang='lat' dir='ltr'><strong>collatus</strong></span> 
     </span>
     <span class='ocr_line' id='line_1_4' title="bbox 90 703 1196 798; baseline 0.009 -25"><span class='ocrx_word' id='word_1_16' title='bbox 90 719 152 780; x_wconf 77' lang='lat' dir='ltr'><strong>est,</strong></span> <span class='ocrx_word' id='word_1_17' title='bbox 178 713 214 773; x_wconf 89' lang='lat' dir='ltr'><strong>in</strong></span> <span class='ocrx_word' id='word_1_18' title='bbox 237 711 351 791; x_wconf 87' lang='lat' dir='ltr'><strong>quibus</strong></span> <span class='ocrx_word' id='word_1_19' title='bbox 373 709 478 772; x_wconf 88' lang='lat' dir='ltr'><strong>verbis</strong></span> <span class='ocrx_word' id='word_1_20' title='bbox 500 703 676 792; x_wconf 78' lang='lat' dir='ltr'><strong>rhythmos</strong></span> <span class='ocrx_word' id='word_1_21' title='bbox 703 706 841 772; x_wconf 74' lang='lat' dir='ltr'><strong>dicineo</strong></span> <span class='ocrx_word' id='word_1_22' title='bbox 863 732 974 794; x_wconf 81' lang='lat' dir='ltr'><strong>sensu,</strong></span> <span class='ocrx_word' id='word_1_23' title='bbox 1007 738 1068 798; x_wconf 92' lang='lat' dir='ltr'><strong>quo</strong></span> <span class='ocrx_word' id='word_1_24' title='bbox 1090 725 1196 792; x_wconf 74' lang='lat' dir='ltr'><strong>medio</strong></span> 
     </span>
     <span class='ocr_line' id='line_1_5' title="bbox 91 830 1195 918; baseline 0.006 -22"><span class='ocrx_word' id='word_1_25' title='bbox 91 854 171 896; x_wconf 90' lang='lat' dir='ltr'><strong>aevo</strong></span> <span class='ocrx_word' id='word_1_26' title='bbox 202 832 287 894; x_wconf 88' lang='lat' dir='ltr'><strong>istud</strong></span> <span class='ocrx_word' id='word_1_27' title='bbox 315 830 499 895; x_wconf 85' lang='lat' dir='ltr'><strong>vocabulum</strong></span> <span class='ocrx_word' id='word_1_28' title='bbox 527 831 759 915; x_wconf 76' lang='lat' dir='ltr'>accipiebatur,</span> <span class='ocrx_word' id='word_1_29' title='bbox 788 831 836 892; x_wconf 87' lang='lat' dir='ltr'><strong>ita</strong></span> <span class='ocrx_word' id='word_1_30' title='bbox 863 845 899 896; x_wconf 90' lang='lat' dir='ltr'><strong>ut</strong></span> <span class='ocrx_word' id='word_1_31' title='bbox 920 835 1089 918; x_wconf 76' lang='lat' dir='ltr'><strong>rhythmus</strong></span> <span class='ocrx_word' id='word_1_32' title='bbox 1111 847 1195 912; x_wconf 66' lang='lat' dir='ltr'><strong>idem</strong></span> 
     </span>
     <span class='ocr_line' id='line_1_6' title="bbox 91 931 1196 1041; baseline 0.016 -25"><span class='ocrx_word' id='word_1_33' title='bbox 91 965 186 1016; x_wconf 85' lang='lat' dir='ltr'><strong>sonet</strong></span> <span class='ocrx_word' id='word_1_34' title='bbox 209 953 291 1034; x_wconf 89' lang='lat' dir='ltr'><strong>quod</strong></span> <span class='ocrx_word' id='word_1_35' title='bbox 312 931 487 1028; x_wconf 62' lang='lat' dir='ltr'><strong>rimanda</strong></span> <span class='ocrx_word' id='word_1_36' title='bbox 510 973 572 1034; x_wconf 91' lang='lat' dir='ltr'><strong>qua</strong></span> <span class='ocrx_word' id='word_1_37' title='bbox 595 955 733 1016; x_wconf 85' lang='lat' dir='ltr'><strong>barbara</strong></span> <span class='ocrx_word' id='word_1_38' title='bbox 754 972 832 1015; x_wconf 85' lang='lat' dir='ltr'><strong>voce</strong></span> <span class='ocrx_word' id='word_1_39' title='bbox 854 954 925 1018; x_wconf 89' lang='lat' dir='ltr'><strong>vide</strong></span> <span class='ocrx_word' id='word_1_40' title='bbox 940 956 1101 1041; x_wconf 87' lang='lat' dir='ltr'><strong>glossaria</strong></span> <span class='ocrx_word' id='word_1_41' title='bbox 1116 973 1196 1033; x_wconf 83' lang='lat' dir='ltr'><strong>med.</strong></span> 
     </span>
     <span class='ocr_line' id='line_1_7' title="bbox 91 1069 1197 1168; baseline 0.012 -31"><span class='ocrx_word' id='word_1_42' title='bbox 91 1087 124 1138; x_wconf 89' lang='lat' dir='ltr'><strong>et</strong></span> <span class='ocrx_word' id='word_1_43' title='bbox 146 1077 204 1138; x_wconf 73' lang='lat' dir='ltr'><strong>inf.</strong></span> <span class='ocrx_word' id='word_1_44' title='bbox 228 1075 410 1139; x_wconf 79' lang='lat' dir='ltr'><strong>latinitatis.</strong></span> <span class='ocrx_word' id='word_1_45' title='bbox 456 1077 597 1140; x_wconf 86' lang='lat' dir='ltr'><strong>Ponitur</strong></span> <span class='ocrx_word' id='word_1_46' title='bbox 624 1086 731 1138; x_wconf 88' lang='lat' dir='ltr'><strong>autem</strong></span> <span class='ocrx_word' id='word_1_47' title='bbox 758 1069 879 1151; x_wconf 83' lang='lat' dir='ltr'><strong>rimas,</strong></span> <span class='ocrx_word' id='word_1_48' title='bbox 912 1080 996 1158; x_wconf 86' lang='lat' dir='ltr'><strong>quod</strong></span> <span class='ocrx_word' id='word_1_49' title='bbox 1023 1083 1128 1168; x_wconf 88' lang='lat' dir='ltr'><strong>ipsum</strong></span> <span class='ocrx_word' id='word_1_50' title='bbox 1155 1111 1197 1156; x_wconf 85' lang='lat' dir='ltr'><strong>ex</strong></span> 
     </span>
     <span class='ocr_line' id='line_1_8' title="bbox 87 1192 1195 1290; baseline 0.019 -32"><span class='ocrx_word' id='word_1_51' title='bbox 87 1192 382 1286; x_wconf 21' lang='lat' dir='ltr'><strong>rhythmi-nomine</strong></span> <span class='ocrx_word' id='word_1_52' title='bbox 397 1210 579 1284; x_wconf 85' lang='lat' dir='ltr'><strong>corruptum</strong></span> <span class='ocrx_word' id='word_1_53' title='bbox 586 1209 645 1272; x_wconf 87' lang='lat' dir='ltr'><strong>est,</strong></span> <span class='ocrx_word' id='word_1_54' title='bbox 661 1199 1031 1286; x_wconf 84' lang='lat' dir='ltr'><strong>eademsignifieatione‚</strong></span> <span class='ocrx_word' id='word_1_55' title='bbox 1046 1228 1107 1290; x_wconf 86' lang='lat' dir='ltr'><strong>qua</strong></span> <span class='ocrx_word' id='word_1_56' title='bbox 1124 1225 1195 1280; x_wconf 88' lang='lat' dir='ltr'><strong>orta</strong></span> 
     </span>
     <span class='ocr_line' id='line_1_9' title="bbox 87 1318 1193 1411; baseline 0.017 -29"><span class='ocrx_word' id='word_1_57' title='bbox 87 1320 164 1382; x_wconf 90' lang='lat' dir='ltr'><strong>inde</strong></span> <span class='ocrx_word' id='word_1_58' title='bbox 187 1321 223 1382; x_wconf 89' lang='lat' dir='ltr'><strong>iu</strong></span> <span class='ocrx_word' id='word_1_59' title='bbox 245 1321 377 1384; x_wconf 88' lang='lat' dir='ltr'><strong>novitiis</strong></span> <span class='ocrx_word' id='word_1_60' title='bbox 400 1319 523 1403; x_wconf 83' lang='lat' dir='ltr'><strong>linguis</strong></span> <span class='ocrx_word' id='word_1_61' title='bbox 546 1321 679 1384; x_wconf 88' lang='lat' dir='ltr'><strong>nomina</strong></span> <span class='ocrx_word' id='word_1_62' title='bbox 701 1318 803 1395; x_wconf 84' lang='lat' dir='ltr'><strong>rimu,</strong></span> <span class='ocrx_word' id='word_1_63' title='bbox 825 1318 918 1404; x_wconf 73' lang='lat' dir='ltr'><strong>rivae,</strong></span> <span class='ocrx_word' id='word_1_64' title='bbox 940 1323 1067 1411; x_wconf 80' lang='lat' dir='ltr'><strong>rbyme,</strong></span> <span class='ocrx_word' id='word_1_65' title='bbox 1083 1329 1193 1400; x_wconf 81' lang='lat' dir='ltr'><strong>Beim.</strong></span> 
     </span>
     <span class='ocr_line' id='line_1_10' title="bbox 86 1436 1193 1527; baseline 0.013 -24"><span class='ocrx_word' id='word_1_66' title='bbox 86 1441 194 1524; x_wconf 85' lang='lat' dir='ltr'><strong>lgitur</strong></span> <span class='ocrx_word' id='word_1_67' title='bbox 218 1440 336 1504; x_wconf 80' lang='lat' dir='ltr'><strong>Graeci</strong></span> <span class='ocrx_word' id='word_1_68' title='bbox 356 1453 525 1527; x_wconf 85' lang='lat' dir='ltr'><strong>postquam</strong></span> <span class='ocrx_word' id='word_1_69' title='bbox 547 1463 639 1508; x_wconf 86' lang='lat' dir='ltr'><strong>suam</strong></span> <span class='ocrx_word' id='word_1_70' title='bbox 660 1465 770 1508; x_wconf 86' lang='lat' dir='ltr'><strong>vocem</strong></span> <span class='ocrx_word' id='word_1_71' title='bbox 792 1436 915 1524; x_wconf 57' lang='grc' dir='ltr'>ῥυθμὸς</span> <span class='ocrx_word' id='word_1_72' title='bbox 941 1448 1016 1512; x_wconf 84' lang='lat' dir='ltr'><strong>aliis</strong></span> <span class='ocrx_word' id='word_1_73' title='bbox 1039 1452 1193 1524; x_wconf 86' lang='lat' dir='ltr'><strong>dederunt</strong></span> 
     </span>
     <span class='ocr_line' id='line_1_11' title="bbox 86 1562 1193 1650; baseline 0.014 -24"><span class='ocrx_word' id='word_1_74' title='bbox 86 1565 247 1646; x_wconf 82' lang='lat' dir='ltr'><strong>gentibus,</strong></span> <span class='ocrx_word' id='word_1_75' title='bbox 271 1565 312 1626; x_wconf 87' lang='lat' dir='ltr'><strong>ab</strong></span> <span class='ocrx_word' id='word_1_76' title='bbox 334 1562 387 1626; x_wconf 88' lang='lat' dir='ltr'><strong>bis</strong></span> <span class='ocrx_word' id='word_1_77' title='bbox 410 1583 482 1628; x_wconf 86' lang='lat' dir='ltr'><strong>eam</strong></span> <span class='ocrx_word' id='word_1_78' title='bbox 506 1575 690 1650; x_wconf 78' lang='lat' dir='ltr'><strong>corruptam</strong></span> <span class='ocrx_word' id='word_1_79' title='bbox 718 1566 859 1630; x_wconf 87' lang='lat' dir='ltr'><strong>vicissim</strong></span> <span class='ocrx_word' id='word_1_80' title='bbox 882 1573 1018 1634; x_wconf 88' lang='lat' dir='ltr'><strong>mutuati</strong></span> <span class='ocrx_word' id='word_1_81' title='bbox 1046 1588 1122 1639; x_wconf 87' lang='lat' dir='ltr'><strong>sunt</strong></span> <span class='ocrx_word' id='word_1_82' title='bbox 1148 1579 1193 1643; x_wconf 78' lang='lat' dir='ltr'><strong>tli-</strong></span> 
     </span>
     <span class='ocr_line' id='line_1_12' title="bbox 86 1657 1194 1774; baseline 0.006 -25"><span class='ocrx_word' id='word_1_83' title='bbox 86 1687 186 1750; x_wconf 80' lang='lat' dir='ltr'><strong>aertdo</strong></span> <span class='ocrx_word' id='word_1_84' title='bbox 210 1657 288 1764; x_wconf 60' lang='lat' dir='ltr'><strong>§ipio</strong></span> <span class='ocrx_word' id='word_1_85' title='bbox 310 1697 343 1748; x_wconf 88' lang='lat' dir='ltr'><strong>et</strong></span> <span class='ocrx_word' id='word_1_86' title='bbox 365 1673 512 1764; x_wconf 51' lang='lat' dir='ltr'><strong>§aptatas</strong></span> <span class='ocrx_word' id='word_1_87' title='bbox 534 1685 597 1770; x_wconf 7' lang='lat' dir='ltr'><strong>*Est</strong></span> <span class='ocrx_word' id='word_1_88' title='bbox 618 1707 715 1773; x_wconf 87' lang='lat' dir='ltr'><strong>porro</strong></span> <span class='ocrx_word' id='word_1_89' title='bbox 738 1677 857 1768; x_wconf 78' lang='grc' dir='ltr'><strong><em>ῥιμάρω</em></strong></span> <span class='ocrx_word' id='word_1_90' title='bbox 885 1704 916 1754; x_wconf 84' lang='lat' dir='ltr'><strong>et</strong></span> <span class='ocrx_word' id='word_1_91' title='bbox 945 1687 1095 1774; x_wconf 75' lang='grc' dir='ltr'><strong><em>ῥιμαρίζω</em></strong></span> <span class='ocrx_word' id='word_1_92' title='bbox 1122 1720 1194 1764; x_wconf 76' lang='lat' dir='ltr'><strong>vet·-</strong></span> 
     </span>
     <span class='ocr_line' id='line_1_13' title="bbox 85 1789 1193 1897; baseline 0.013 -29"><span class='ocrx_word' id='word_1_93' title='bbox 85 1827 142 1872; x_wconf 82' lang='lat' dir='ltr'><strong>sos</strong></span> <span class='ocrx_word' id='word_1_94' title='bbox 164 1804 319 1872; x_wconf 77' lang='lat' dir='ltr'><strong>siratiliter</strong></span> <span class='ocrx_word' id='word_1_95' title='bbox 341 1791 502 1872; x_wconf 67' lang='lat' dir='ltr'><strong>cudentes</strong></span> <span class='ocrx_word' id='word_1_96' title='bbox 523 1789 695 1894; x_wconf 72' lang='lat' dir='ltr'><strong>corripere,</strong></span> <span class='ocrx_word' id='word_1_97' title='bbox 719 1820 751 1872; x_wconf 90' lang='lat' dir='ltr'><strong>et</strong></span> <span class='ocrx_word' id='word_1_98' title='bbox 773 1801 940 1891; x_wconf 76' lang='grc' dir='ltr'><strong><em>ῥιμαδόρος</em></strong></span> <span class='ocrx_word' id='word_1_99' title='bbox 961 1816 1029 1878; x_wconf 84' lang='lat' dir='ltr'><strong>sive</strong></span> <span class='ocrx_word' id='word_1_100' title='bbox 1045 1810 1193 1897; x_wconf 73' lang='grc' dir='ltr'><strong>ῥιμαδοῦ.</strong></span> 
     </span>
     <span class='ocr_line' id='line_1_14' title="bbox 85 1925 1191 2014; baseline 0.006 -21"><span class='ocrx_word' id='word_1_101' title='bbox 85 1954 137 2010; x_wconf 76' lang='grc' dir='ltr'><strong>ρος</strong></span> <span class='ocrx_word' id='word_1_102' title='bbox 172 1948 326 1994; x_wconf 76' lang='lat' dir='ltr'><strong>aerenum</strong></span> <span class='ocrx_word' id='word_1_103' title='bbox 361 1925 697 1994; x_wconf 80' lang='lat' dir='ltr'><strong>bonroeoteleutornm</strong></span> <span class='ocrx_word' id='word_1_104' title='bbox 720 1927 865 2014; x_wconf 75' lang='lat' dir='ltr'><strong>scriptor</strong></span> <span class='ocrx_word' id='word_1_105' title='bbox 893 1934 944 1999; x_wconf 89' lang='lat' dir='ltr'><strong>vel</strong></span> <span class='ocrx_word' id='word_1_106' title='bbox 966 1940 1097 2004; x_wconf 83' lang='lat' dir='ltr'><strong>omuino</strong></span> <span class='ocrx_word' id='word_1_107' title='bbox 1121 1964 1191 2008; x_wconf 83' lang='lat' dir='ltr'><strong>uer.</strong></span> 
     </span>
     <span class='ocr_line' id='line_1_15' title="bbox 86 2045 1190 2144; baseline 0.015 -32"><span class='ocrx_word' id='word_1_108' title='bbox 86 2045 254 2136; x_wconf 64' lang='lat' dir='ltr'><strong>spirator.</strong></span> <span class='ocrx_word' id='word_1_109' title='bbox 301 2052 404 2126; x_wconf 83' lang='lat' dir='ltr'><strong>Quem</strong></span> <span class='ocrx_word' id='word_1_110' title='bbox 435 2051 522 2114; x_wconf 88' lang='lat' dir='ltr'><strong>inter</strong></span> <span class='ocrx_word' id='word_1_111' title='bbox 550 2051 691 2116; x_wconf 84' lang='lat' dir='ltr'><strong>Graecos</strong></span> <span class='ocrx_word' id='word_1_112' title='bbox 720 2053 882 2136; x_wconf 85' lang='lat' dir='ltr'><strong>probabile</strong></span> <span class='ocrx_word' id='word_1_113' title='bbox 909 2060 954 2120; x_wconf 87' lang='lat' dir='ltr'><strong>sit</strong></span> <span class='ocrx_word' id='word_1_114' title='bbox 974 2061 1111 2144; x_wconf 87' lang='lat' dir='ltr'><strong>primum</strong></span> <span class='ocrx_word' id='word_1_115' title='bbox 1134 2063 1190 2128; x_wconf 89' lang='lat' dir='ltr'><strong>bu-</strong></span> 
     </span>
     <span class='ocr_line' id='line_1_16' title="bbox 77 2172 1188 2268; baseline 0.014 -34"><span class='ocrx_word' id='word_1_116' title='bbox 77 2173 259 2256; x_wconf 85' lang='lat' dir='ltr'><strong>joseenmdi</strong></span> <span class='ocrx_word' id='word_1_117' title='bbox 282 2172 466 2250; x_wconf 84' lang='lat' dir='ltr'><strong>versiculos,</strong></span> <span class='ocrx_word' id='word_1_118' title='bbox 490 2174 654 2255; x_wconf 85' lang='lat' dir='ltr'><strong>inquibus</strong></span> <span class='ocrx_word' id='word_1_119' title='bbox 674 2173 783 2238; x_wconf 87' lang='lat' dir='ltr'><strong>finalis</strong></span> <span class='ocrx_word' id='word_1_120' title='bbox 801 2191 972 2241; x_wconf 89' lang='lat' dir='ltr'><strong>eoneentus</strong></span> <span class='ocrx_word' id='word_1_121' title='bbox 994 2184 1188 2268; x_wconf 83' lang='lat' dir='ltr'><strong>observatur,</strong></span> 
     </span>
     <span class='ocr_line' id='line_1_17' title="bbox 82 2275 1187 2382; baseline 0.014 -26"><span class='ocrx_word' id='word_1_122' title='bbox 82 2275 256 2376; x_wconf 80' lang='lat' dir='ltr'><strong>quibusque</strong></span> <span class='ocrx_word' id='word_1_123' title='bbox 277 2295 349 2360; x_wconf 89' lang='lat' dir='ltr'><strong>ideo</strong></span> <span class='ocrx_word' id='word_1_124' title='bbox 372 2295 479 2358; x_wconf 86' lang='lat' dir='ltr'><strong>media</strong></span> <span class='ocrx_word' id='word_1_125' title='bbox 500 2307 607 2374; x_wconf 85' lang='lat' dir='ltr'><strong>aetate</strong></span> <span class='ocrx_word' id='word_1_126' title='bbox 633 2295 717 2382; x_wconf 87' lang='lat' dir='ltr'><strong>apud</strong></span> <span class='ocrx_word' id='word_1_127' title='bbox 735 2288 876 2364; x_wconf 81' lang='lat' dir='ltr'><strong>&#39;Latinos</strong></span> <span class='ocrx_word' id='word_1_128' title='bbox 888 2299 1114 2370; x_wconf 68' lang='lat' dir='ltr'><strong>cordatorum</strong></span> <span class='ocrx_word' id='word_1_129' title='bbox 1130 2329 1187 2373; x_wconf 87' lang='lat' dir='ltr'><strong>no-</strong></span> 
     </span>
     <span class='ocr_line' id='line_1_18' title="bbox 81 2417 1189 2509; baseline 0.013 -30"><span class='ocrx_word' id='word_1_130' title='bbox 81 2437 157 2479; x_wconf 90' lang='lat' dir='ltr'><strong>men</strong></span> <span class='ocrx_word' id='word_1_131' title='bbox 185 2417 260 2496; x_wconf 83' lang='lat' dir='ltr'><strong>tuit,</strong></span> <span class='ocrx_word' id='word_1_132' title='bbox 290 2418 419 2496; x_wconf 80' lang='lat' dir='ltr'><strong>fecisse,</strong></span> <span class='ocrx_word' id='word_1_133' title='bbox 448 2417 528 2480; x_wconf 89' lang='lat' dir='ltr'><strong>alibi</strong></span> <span class='ocrx_word' id='word_1_134' title='bbox 556 2438 725 2500; x_wconf 87' lang='lat' dir='ltr'><strong>exponam.</strong></span> <span class='ocrx_word' id='word_1_135' title='bbox 776 2419 914 2484; x_wconf 82' lang='lat' dir='ltr'><strong>Interim</strong></span> <span class='ocrx_word' id='word_1_136' title='bbox 935 2421 1085 2506; x_wconf 85' lang='lat' dir='ltr'><strong>legantur</strong></span> <span class='ocrx_word' id='word_1_137' title='bbox 1108 2449 1189 2509; x_wconf 89' lang='lat' dir='ltr'><strong>quae</strong></span> 
     </span>
     <span class='ocr_line' id='line_1_19' title="bbox 83 2536 1189 2628; baseline 0.013 -29"><span class='ocrx_word' id='word_1_138' title='bbox 83 2536 264 2600; x_wconf 84' lang='lat' dir='ltr'><strong>Sentenius</strong></span> <span class='ocrx_word' id='word_1_139' title='bbox 285 2537 327 2600; x_wconf 86' lang='lat' dir='ltr'><strong>ad</strong></span> <span class='ocrx_word' id='word_1_140' title='bbox 349 2537 583 2599; x_wconf 83' lang='lat' dir='ltr'><strong>Terentianum</strong></span> <span class='ocrx_word' id='word_1_141' title='bbox 609 2536 762 2598; x_wconf 87' lang='lat' dir='ltr'><strong>Maurum</strong></span> <span class='ocrx_word' id='word_1_142' title='bbox 789 2540 997 2612; x_wconf 60' lang='lat' dir='ltr'><strong>deaersibus</strong></span> <span class='ocrx_word' id='word_1_143' title='bbox 1023 2559 1189 2628; x_wconf 83' lang='lat' dir='ltr'><strong>poetarum</strong></span> 
     </span>
     <span class='ocr_line' id='line_1_20' title="bbox 84 2652 899 2740; baseline 0 -21"><span class='ocrx_word' id='word_1_144' title='bbox 84 2657 265 2740; x_wconf 83' lang='lat' dir='ltr'><strong>vulgarium</strong></span> <span class='ocrx_word' id='word_1_145' title='bbox 286 2669 360 2740; x_wconf 84' lang='lat' dir='ltr'><strong>pag.</strong></span> <span class='ocrx_word' id='word_1_146' title='bbox 386 2652 449 2717; x_wconf 78' lang='lat'><strong>163</strong></span> <span class='ocrx_word' id='word_1_147' title='bbox 472 2673 557 2736; x_wconf 86' lang='lat' dir='ltr'><strong>seqq.</strong></span> <span class='ocrx_word' id='word_1_148' title='bbox 582 2665 812 2718; x_wconf 84' lang='lat' dir='ltr'><strong>commentatus</strong></span> <span class='ocrx_word' id='word_1_149' title='bbox 835 2669 899 2721; x_wconf 86' lang='lat' dir='ltr'><strong>est.-</strong></span> 
     </span>
    </p>
   </div>
   <div class='ocr_carea' id='block_1_3' title="bbox 83 2767 1188 2987">
    <p class='ocr_par' dir='ltr' id='par_1_4' title="bbox 83 2767 1188 2987">
     <span class='ocr_line' id='line_1_21' title="bbox 218 2767 1188 2870; baseline 0.022 -38"><span class='ocrx_word' id='word_1_150' title='bbox 218 2775 257 2840; x_wconf 87' lang='lat' dir='ltr'><strong>V,</strong></span> <span class='ocrx_word' id='word_1_151' title='bbox 281 2774 312 2840; x_wconf 83' lang='lat'><strong>9.</strong></span> <span class='ocrx_word' id='word_1_152' title='bbox 336 2767 374 2834; x_wconf 78' lang='lat' dir='ltr'><strong>ub</strong></span> <span class='ocrx_word' id='word_1_153' title='bbox 395 2767 473 2855; x_wconf 81' lang='grc' dir='ltr'><strong>ρίμα</strong></span> <span class='ocrx_word' id='word_1_154' title='bbox 494 2777 516 2840; x_wconf 88' lang='lat' dir='ltr'><strong>i.</strong></span> <span class='ocrx_word' id='word_1_155' title='bbox 541 2799 568 2840; x_wconf 89' lang='lat' dir='ltr'><strong>e.</strong></span> <span class='ocrx_word' id='word_1_156' title='bbox 593 2771 636 2846; x_wconf 85' lang='grc' dir='ltr'><strong>εἰς</strong></span> <span class='ocrx_word' id='word_1_157' title='bbox 656 2767 754 2855; x_wconf 75' lang='grc' dir='ltr'><em>ῥῖμαν</em></span> <span class='ocrx_word' id='word_1_158' title='bbox 774 2777 835 2857; x_wconf 83' lang='lat' dir='ltr'><strong>vel,</strong></span> <span class='ocrx_word' id='word_1_159' title='bbox 858 2791 894 2843; x_wconf 86' lang='lat' dir='ltr'><strong>ut</strong></span> <span class='ocrx_word' id='word_1_160' title='bbox 916 2783 1046 2866; x_wconf 74' lang='lat' dir='ltr'><strong>anlt&#39;que</strong></span> <span class='ocrx_word' id='word_1_161' title='bbox 1065 2784 1188 2870; x_wconf 82' lang='lat' dir='ltr'><strong>loquar,</strong></span> 
     </span>
     <span class='ocr_line' id='line_1_22' title="bbox 83 2881 1187 2987; baseline 0.019 -34"><span class='ocrx_word' id='word_1_162' title='bbox 83 2897 117 2960; x_wconf 68' lang='grc' dir='ltr'><strong>ἐν</strong></span> <span class='ocrx_word' id='word_1_163' title='bbox 144 2891 263 2972; x_wconf 65' lang='grc' dir='ltr'>στίχοις</span> <span class='ocrx_word' id='word_1_164' title='bbox 292 2888 535 2979; x_wconf 68' lang='grc' dir='ltr'><strong><em>ὂμοιονελεύτοις.</em></strong></span> <span class='ocrx_word' id='word_1_165' title='bbox 585 2898 671 2962; x_wconf 88' lang='lat' dir='ltr'><strong>Nam</strong></span> <span class='ocrx_word' id='word_1_166' title='bbox 699 2902 894 2987; x_wconf 85' lang='lat' dir='ltr'><strong>praepositio</strong></span> <span class='ocrx_word' id='word_1_167' title='bbox 924 2895 962 2964; x_wconf 76' lang='lat' dir='ltr'><strong>ab</strong></span> <span class='ocrx_word' id='word_1_168' title='bbox 988 2908 1028 2969; x_wconf 89' lang='lat' dir='ltr'><strong>ab</strong></span> <span class='ocrx_word' id='word_1_169' title='bbox 1057 2881 1187 2974; x_wconf 86' lang='lat' dir='ltr'><strong>auetore</strong></span> 
     </span>
    </p>
   </div>
   <div class='ocr_carea' id='block_1_4' title="bbox 76 3012 1221 4326">
    <p class='ocr_par' dir='ltr' id='par_1_5' title="bbox 77 3012 1186 3350">
     <span class='ocr_line' id='line_1_23' title="bbox 80 3012 1186 3109; baseline 0.003 -25"><span class='ocrx_word' id='word_1_170' title='bbox 80 3043 138 3109; x_wconf 78' lang='lat' dir='ltr'><strong>per</strong></span> <span class='ocrx_word' id='word_1_171' title='bbox 160 3021 353 3108; x_wconf 84' lang='lat' dir='ltr'><strong>aphaeresin</strong></span> <span class='ocrx_word' id='word_1_172' title='bbox 376 3019 434 3106; x_wconf 86' lang='lat' dir='ltr'><strong>pro</strong></span> <span class='ocrx_word' id='word_1_173' title='bbox 458 3012 744 3102; x_wconf 52' lang='lat' dir='ltr'><strong>etetsquatorma</strong></span> <span class='ocrx_word' id='word_1_174' title='bbox 771 3015 830 3108; x_wconf 84' lang='lat' dir='ltr'><strong>pro</strong></span> <span class='ocrx_word' id='word_1_175' title='bbox 858 3021 900 3094; x_wconf 84' lang='grc' dir='ltr'><strong>εἰς</strong></span> <span class='ocrx_word' id='word_1_176' title='bbox 927 3027 1098 3107; x_wconf 75' lang='lat' dir='ltr'><strong>aliquoties</strong></span> <span class='ocrx_word' id='word_1_177' title='bbox 1126 3035 1186 3097; x_wconf 90' lang='lat' dir='ltr'><strong>uti.</strong></span> 
     </span>
     <span class='ocr_line' id='line_1_24' title="bbox 79 3120 1185 3234; baseline -0.002 -26"><span class='ocrx_word' id='word_1_178' title='bbox 79 3157 142 3223; x_wconf 75' lang='lat' dir='ltr'><strong>tur,</strong></span> <span class='ocrx_word' id='word_1_179' title='bbox 165 3145 273 3208; x_wconf 86' lang='lat' dir='ltr'><strong>versui</strong></span> <span class='ocrx_word' id='word_1_180' title='bbox 295 3142 349 3206; x_wconf 87' lang='lat' dir='ltr'><strong>bie</strong></span> <span class='ocrx_word' id='word_1_181' title='bbox 371 3153 483 3228; x_wconf 87' lang='lat' dir='ltr'><strong>aptata</strong></span> <span class='ocrx_word' id='word_1_182' title='bbox 505 3153 564 3206; x_wconf 88' lang='lat' dir='ltr'><strong>est.</strong></span> <span class='ocrx_word' id='word_1_183' title='bbox 611 3142 650 3205; x_wconf 91' lang='lat' dir='ltr'><strong>ln</strong></span> <span class='ocrx_word' id='word_1_184' title='bbox 677 3145 750 3228; x_wconf 87' lang='lat' dir='ltr'><strong>ipsa</strong></span> <span class='ocrx_word' id='word_1_185' title='bbox 777 3145 971 3232; x_wconf 86' lang='lat' dir='ltr'><strong>paraphrasi</strong></span> <span class='ocrx_word' id='word_1_186' title='bbox 999 3120 1087 3212; x_wconf 77' lang='lat' dir='ltr'><strong>verbi</strong></span> <span class='ocrx_word' id='word_1_187' title='bbox 1114 3172 1185 3234; x_wconf 85' lang='lat' dir='ltr'><strong>gra.</strong></span> 
     </span>
     <span class='ocr_line' id='line_1_25' title="bbox 77 3246 733 3350; baseline -0.002 -20"><span class='ocrx_word' id='word_1_188' title='bbox 77 3267 131 3338; x_wconf 83' lang='lat' dir='ltr'><strong>tia</strong></span> <span class='ocrx_word' id='word_1_189' title='bbox 150 3285 231 3332; x_wconf 72' lang='lat' dir='ltr'><strong>vers·</strong></span> <span class='ocrx_word' id='word_1_190' title='bbox 255 3263 294 3328; x_wconf 85' lang='lat'><strong>51</strong></span> <span class='ocrx_word' id='word_1_191' title='bbox 319 3258 347 3324; x_wconf 84' lang='grc' dir='ltr'><strong>κ’</strong></span> <span class='ocrx_word' id='word_1_192' title='bbox 372 3255 436 3324; x_wconf 71' lang='lat' dir='ltr'><strong>etet</strong></span> <span class='ocrx_word' id='word_1_193' title='bbox 457 3246 582 3344; x_wconf 76' lang='grc' dir='ltr'>καλῦβη</span> <span class='ocrx_word' id='word_1_194' title='bbox 604 3264 733 3350; x_wconf 85' lang='lat' dir='ltr'><strong>legitur.</strong></span> 
     </span>
    </p>

    <p class='ocr_par' dir='ltr' id='par_1_6' title="bbox 76 3374 1221 4326">
     <span class='ocr_line' id='line_1_26' title="bbox 103 3374 1183 3481; baseline 0.016 -36"><span class='ocrx_word' id='word_1_195' title='bbox 103 3419 105 3424; x_wconf 94' lang='lat'>·</span> <span class='ocrx_word' id='word_1_196' title='bbox 213 3374 263 3446; x_wconf 66' lang='lat' dir='ltr'><strong>ibe</strong></span> <span class='ocrx_word' id='word_1_197' title='bbox 290 3391 486 3454; x_wconf 84' lang='lat' dir='ltr'><strong>recentiores</strong></span> <span class='ocrx_word' id='word_1_198' title='bbox 514 3401 547 3453; x_wconf 88' lang='lat' dir='ltr'><strong>et</strong></span> <span class='ocrx_word' id='word_1_199' title='bbox 573 3409 632 3476; x_wconf 88' lang='lat' dir='ltr'><strong>pro</strong></span> <span class='ocrx_word' id='word_1_200' title='bbox 655 3380 721 3452; x_wconf 62' lang='grc' dir='ltr'><strong>ἐπὶ</strong></span> <span class='ocrx_word' id='word_1_201' title='bbox 743 3402 775 3454; x_wconf 91' lang='lat' dir='ltr'><strong>et</strong></span> <span class='ocrx_word' id='word_1_202' title='bbox 796 3411 855 3477; x_wconf 83' lang='lat' dir='ltr'><strong>pro</strong></span> <span class='ocrx_word' id='word_1_203' title='bbox 877 3385 942 3454; x_wconf 81' lang='grc' dir='ltr'><strong><em>εἶσί</em></strong></span> <span class='ocrx_word' id='word_1_204' title='bbox 966 3396 1183 3481; x_wconf 84' lang='lat' dir='ltr'><strong>superioribus</strong></span> 
     </span>
     <span class='ocr_line' id='line_1_27' title="bbox 77 3504 1183 3595; baseline 0 -21"><span class='ocrx_word' id='word_1_205' title='bbox 77 3511 214 3575; x_wconf 86' lang='lat' dir='ltr'><strong>saeculis</strong></span> <span class='ocrx_word' id='word_1_206' title='bbox 237 3511 402 3588; x_wconf 81' lang='lat' dir='ltr'><strong>dixerunt3</strong></span> <span class='ocrx_word' id='word_1_207' title='bbox 422 3532 509 3575; x_wconf 88' lang='lat' dir='ltr'><strong>nuno</strong></span> <span class='ocrx_word' id='word_1_208' title='bbox 532 3513 568 3574; x_wconf 91' lang='lat' dir='ltr'><strong>in</strong></span> <span class='ocrx_word' id='word_1_209' title='bbox 590 3516 658 3595; x_wconf 89' lang='lat' dir='ltr'><strong>ejus</strong></span> <span class='ocrx_word' id='word_1_210' title='bbox 680 3512 786 3576; x_wconf 83' lang='lat' dir='ltr'><strong>locum</strong></span> <span class='ocrx_word' id='word_1_211' title='bbox 808 3516 1014 3578; x_wconf 88' lang='lat' dir='ltr'><strong>substitutum</strong></span> <span class='ocrx_word' id='word_1_212' title='bbox 1030 3526 1080 3576; x_wconf 87' lang='lat' dir='ltr'><strong>est</strong></span> <span class='ocrx_word' id='word_1_213' title='bbox 1095 3504 1183 3574; x_wconf 74' lang='grc' dir='ltr'><em>εἶναι.</em></span> 
     </span>
     <span class='ocr_line' id='line_1_28' title="bbox 76 3619 1184 3717; baseline -0.003 -21"><span class='ocrx_word' id='word_1_214' title='bbox 76 3633 162 3698; x_wconf 90' lang='lat' dir='ltr'><strong>Illud</strong></span> <span class='ocrx_word' id='word_1_215' title='bbox 190 3620 239 3692; x_wconf 74' lang='lat' dir='ltr'><strong>le‘ve</strong></span> <span class='ocrx_word' id='word_1_216' title='bbox 269 3634 429 3716; x_wconf 87' lang='lat' dir='ltr'><strong>originem</strong></span> <span class='ocrx_word' id='word_1_217' title='bbox 456 3634 545 3696; x_wconf 82' lang='lat' dir='ltr'><strong>ducit</strong></span> <span class='ocrx_word' id='word_1_218' title='bbox 571 3653 592 3695; x_wconf 90' lang='lat' dir='ltr'><strong>a</strong></span> <span class='ocrx_word' id='word_1_219' title='bbox 619 3644 761 3696; x_wconf 90' lang='lat' dir='ltr'><strong>veterum</strong></span> <span class='ocrx_word' id='word_1_220' title='bbox 789 3619 852 3708; x_wconf 61' lang='grc' dir='ltr'><strong>ἔνι,</strong></span> <span class='ocrx_word' id='word_1_221' title='bbox 885 3633 969 3712; x_wconf 86' lang='lat' dir='ltr'><strong>quod</strong></span> <span class='ocrx_word' id='word_1_222' title='bbox 995 3653 1055 3717; x_wconf 90' lang='lat' dir='ltr'><strong>pro</strong></span> <span class='ocrx_word' id='word_1_223' title='bbox 1086 3621 1184 3693; x_wconf 68' lang='grc' dir='ltr'><strong><em>ἔνεστι</em></strong></span> 
     </span>
     <span class='ocr_line' id='line_1_29' title="bbox 77 3751 1183 3840; baseline 0 -22"><span class='ocrx_word' id='word_1_224' title='bbox 77 3766 263 3839; x_wconf 88' lang='lat' dir='ltr'><strong>usurpatum</strong></span> <span class='ocrx_word' id='word_1_225' title='bbox 287 3756 367 3818; x_wconf 86' lang='lat' dir='ltr'><strong>satis</strong></span> <span class='ocrx_word' id='word_1_226' title='bbox 389 3764 503 3818; x_wconf 90' lang='lat' dir='ltr'><strong>notum</strong></span> <span class='ocrx_word' id='word_1_227' title='bbox 525 3751 673 3818; x_wconf 88' lang='lat' dir='ltr'><strong>omnibus</strong></span> <span class='ocrx_word' id='word_1_228' title='bbox 695 3765 753 3818; x_wconf 89' lang='lat' dir='ltr'><strong>est.</strong></span> <span class='ocrx_word' id='word_1_229' title='bbox 796 3753 855 3816; x_wconf 89' lang='lat' dir='ltr'><strong>Est</strong></span> <span class='ocrx_word' id='word_1_230' title='bbox 877 3765 985 3816; x_wconf 86' lang='lat' dir='ltr'><strong>temen</strong></span> <span class='ocrx_word' id='word_1_231' title='bbox 1007 3763 1183 3840; x_wconf 83' lang='lat' dir='ltr'><strong>praeterea,</strong></span> 
     </span>
     <span class='ocr_line' id='line_1_30' title="bbox 76 3845 1182 3959; baseline 0.006 -21"><span class='ocrx_word' id='word_1_232' title='bbox 76 3875 133 3938; x_wconf 94' lang='lat' dir='ltr'><strong>ubi</strong></span> <span class='ocrx_word' id='word_1_233' title='bbox 157 3862 202 3931; x_wconf 68' lang='lat' dir='ltr'><strong>ta</strong></span> <span class='ocrx_word' id='word_1_234' title='bbox 223 3875 378 3957; x_wconf 76' lang='lat' dir='ltr'><strong>simplicis</strong></span> <span class='ocrx_word' id='word_1_235' title='bbox 400 3845 526 3938; x_wconf 85' lang='lat' dir='ltr'><strong>tantum</strong></span> <span class='ocrx_word' id='word_1_236' title='bbox 548 3877 637 3938; x_wconf 88' lang='lat' dir='ltr'><strong>verbi</strong></span> <span class='ocrx_word' id='word_1_237' title='bbox 659 3885 818 3959; x_wconf 84' lang='lat' dir='ltr'><strong>potestate</strong></span> <span class='ocrx_word' id='word_1_238' title='bbox 842 3877 1010 3956; x_wconf 81' lang='lat' dir='ltr'><strong>fungatur,</strong></span> <span class='ocrx_word' id='word_1_239' title='bbox 1039 3876 1125 3942; x_wconf 89' lang='lat' dir='ltr'><strong>velut</strong></span> <span class='ocrx_word' id='word_1_240' title='bbox 1147 3882 1182 3945; x_wconf 88' lang='lat' dir='ltr'><strong>in</strong></span> 
     </span>
     <span class='ocr_line' id='line_1_31' title="bbox 78 3980 1221 4084; baseline 0.004 -26"><span class='ocrx_word' id='word_1_241' title='bbox 78 3993 232 4058; x_wconf 82' lang='lat' dir='ltr'><strong>vocabulo</strong></span> <span class='ocrx_word' id='word_1_242' title='bbox 262 3980 336 4050; x_wconf 71' lang='grc' dir='ltr'><strong><em>ἔνιοι</em></strong></span> <span class='ocrx_word' id='word_1_243' title='bbox 358 3996 380 4054; x_wconf 89' lang='lat' dir='ltr'><strong>i.</strong></span> <span class='ocrx_word' id='word_1_244' title='bbox 404 4015 430 4056; x_wconf 90' lang='lat' dir='ltr'><strong>e.</strong></span> <span class='ocrx_word' id='word_1_245' title='bbox 460 3987 540 4055; x_wconf 76' lang='grc' dir='ltr'><em>εἰσὶν</em></span> <span class='ocrx_word' id='word_1_246' title='bbox 568 3986 605 4056; x_wconf 74' lang='grc' dir='ltr'><strong>οἵ.</strong></span> <span class='ocrx_word' id='word_1_247' title='bbox 655 3995 750 4058; x_wconf 86' lang='lat' dir='ltr'><strong>Hane</strong></span> <span class='ocrx_word' id='word_1_248' title='bbox 778 3995 1047 4076; x_wconf 79' lang='lat' dir='ltr'><strong>significationem</strong></span> <span class='ocrx_word' id='word_1_249' title='bbox 1069 4001 1181 4084; x_wconf 82' lang='lat' dir='ltr'><strong>vulgus</strong></span> <span class='ocrx_word' id='word_1_250' title='bbox 1217 3987 1221 3994; x_wconf 55' lang='grc'>’</span> 
     </span>
     <span class='ocr_line' id='line_1_32' title="bbox 79 4106 1180 4202; baseline 0.004 -22"><span class='ocrx_word' id='word_1_251' title='bbox 79 4120 284 4200; x_wconf 77' lang='lat' dir='ltr'><strong>frequentans</strong></span> <span class='ocrx_word' id='word_1_252' title='bbox 307 4113 463 4202; x_wconf 86' lang='lat' dir='ltr'><strong>paulatim</strong></span> <span class='ocrx_word' id='word_1_253' title='bbox 490 4129 523 4180; x_wconf 90' lang='lat' dir='ltr'><strong>et</strong></span> <span class='ocrx_word' id='word_1_254' title='bbox 546 4107 630 4174; x_wconf 71' lang='grc' dir='ltr'>ἐστὶν</span> <span class='ocrx_word' id='word_1_255' title='bbox 651 4127 683 4178; x_wconf 89' lang='lat' dir='ltr'><strong>et</strong></span> <span class='ocrx_word' id='word_1_256' title='bbox 706 4106 785 4174; x_wconf 76' lang='grc' dir='ltr'><strong><em>εἰσὶν</em></strong></span> <span class='ocrx_word' id='word_1_257' title='bbox 812 4119 943 4200; x_wconf 80' lang='lat' dir='ltr'><strong>abjecit,</strong></span> <span class='ocrx_word' id='word_1_258' title='bbox 971 4141 1046 4184; x_wconf 86' lang='lat' dir='ltr'><strong>mox</strong></span> <span class='ocrx_word' id='word_1_259' title='bbox 1073 4121 1180 4195; x_wconf 85' lang='lat' dir='ltr'><strong>ablata</strong></span> 
     </span>
     <span class='ocr_line' id='line_1_33' title="bbox 79 4225 1180 4326; baseline -0.003 -24"><span class='ocrx_word' id='word_1_260' title='bbox 79 4241 252 4325; x_wconf 89' lang='lat' dir='ltr'><strong>posteriori</strong></span> <span class='ocrx_word' id='word_1_261' title='bbox 274 4237 378 4304; x_wconf 86' lang='lat' dir='ltr'><strong>voeali</strong></span> <span class='ocrx_word' id='word_1_262' title='bbox 402 4225 437 4298; x_wconf 70' lang='grc' dir='ltr'><strong>ἕν</strong></span> <span class='ocrx_word' id='word_1_263' title='bbox 459 4258 518 4324; x_wconf 89' lang='lat' dir='ltr'><strong>pro</strong></span> <span class='ocrx_word' id='word_1_264' title='bbox 543 4225 588 4296; x_wconf 70' lang='lat' dir='ltr'><strong>ta</strong></span> <span class='ocrx_word' id='word_1_265' title='bbox 610 4255 725 4302; x_wconf 87' lang='lat' dir='ltr'><strong>sonare</strong></span> <span class='ocrx_word' id='word_1_266' title='bbox 749 4241 865 4326; x_wconf 87' lang='lat' dir='ltr'><strong>eoepit,</strong></span> <span class='ocrx_word' id='word_1_267' title='bbox 889 4241 1002 4306; x_wconf 85' lang='lat' dir='ltr'><strong>deinde</strong></span> <span class='ocrx_word' id='word_1_268' title='bbox 1020 4260 1109 4303; x_wconf 88' lang='lat' dir='ltr'><strong>more</strong></span> <span class='ocrx_word' id='word_1_269' title='bbox 1123 4259 1180 4300; x_wconf 92' lang='lat' dir='ltr'><strong>suo</strong></span> 
     </span>
    </p>
   </div>
   <div class='ocr_carea' id='block_1_5' title="bbox 861 4359 882 4424">
    <p class='ocr_par' dir='ltr' id='par_1_7' title="bbox 861 4359 882 4424">
     <span class='ocr_line' id='line_1_34' title="bbox 861 4359 882 4424; baseline 0 0"><span class='ocrx_word' id='word_1_270' title='bbox 861 4359 882 4424; x_wconf 78' lang='lat'>4</span> 
     </span>
    </p>
   </div>
   <div class='ocr_carea' id='block_1_6' title="bbox 0 0 1440 4874">
    <p class='ocr_par' dir='ltr' id='par_1_8' title="bbox 0 0 1440 4874">
     <span class='ocr_line' id='line_1_35' title="bbox 0 0 1440 4874; baseline 0 1"><span class='ocrx_word' id='word_1_271' title='bbox 0 0 1440 4874; x_wconf 95' lang='lat' dir='ltr'><strong> </strong></span> 
     </span>
    </p>
   </div>
  </div>
 </body>
</html>
