2908 4914
214 303 301 360 XVlll

217 473 261 548 Iu
285 473 342 548 bis
367 471 571 546 nominandi
595 469 762 550 videntur
779 469 912 548 Cumas
937 482 975 546 ct
994 468 1323 570 Theocbaropulus,

220 630 372 705 quorum
396 606 576 705 posterior
599 603 727 680 libellis
761 605 973 704 quibusdam
1003 603 1242 708 grammaticis·
1270 601 1345 697 in·-

218 737 353 828 uotuit,
378 736 477 838 prior
508 765 589 813 cum
619 738 697 814 aliis
724 734 894 834 operibus
925 745 1002 808 tum
1033 734 1322 812 translationibus

219 868 392 944 librorum
416 871 696 972 germanicorum
721 867 769 938 ita
794 863 840 935 de
866 889 991 962 graeca
1015 868 1160 939 natione
1179 865 1324 956 meruit,

220 1013 264 1078 ut
286 1012 387 1102 grato
409 1001 525 1072 animo
553 995 703 1068 Graecis
735 992 933 1068 diutissime
968 997 1043 1092 ejus
1075 995 1244 1066 memoria
1275 996 1325 1067 sit

221 1128 402 1206 servanda.
452 1125 613 1199 Ulterius
639 1125 676 1196 in
701 1123 871 1198 imitando
893 1124 1122 1224 antiquorum
1146 1149 1324 1214 sermone,

221 1283 328 1358 quam
353 1254 498 1345 CoraeS,
525 1280 645 1329 eorum
664 1255 727 1356 qui
750 1257 950 1331 recentiore
965 1256 1085 1360 lingua
1102 1259 1328 1356 scripserunt
1444 1344 1445 1367 Χ

219 1386 479 1462 Constantinus
506 1386 738 1464 Oeconomus
763 1415 977 1490 progressus
1004 1400 1077 1479 est,
1109 1389 1165 1464 vir
1193 1387 1327 1488 insigni

220 1518 382 1594 facundia
407 1521 608 1620 praeditus,
635 1549 741 1620 quem
770 1533 914 1595 nostrae
945 1519 1070 1594 aetatis
1106 1516 1327 1593 Graecorum

219 1649 519 1746 Chrysostomum
534 1651 676 1726 dixeris.
714 1652 840 1724 Plures
855 1653 931 1749 ejus
943 1650 1024 1724 libri
1036 1649 1206 1724 seruntur.
1232 1649 1327 1725 Nam

220 1780 267 1854 de
304 1789 380 1852 arte
417 1778 594 1853 rhetorica
633 1807 724 1881 opus
761 1783 974 1883 composuit,
999 1781 1180 1868 orationes
1215 1782 1325 1856 eccle-

221 1912 385 1987 siasticas
411 1909 523 1988 edidit
546 1923 586 1988 et
610 1913 655 1988 de
672 1914 832 1989 Graecae
857 1941 899 1989 ac
922 1914 1237 1992 Slavonorussicae
1261 1911 1325 1985 lin-

221 2069 311 2148 guae
337 2025 549 2142 cognatione
574 2057 834 2122 commentatus
864 2058 932 2120 est.
991 2045 1132 2121 Omitto
1158 2045 1223 2118 alia
1248 2047 1328 2143 ejus
1372 2139 1375 2146 Δ

221 2173 365 2272 scripta,
389 2200 484 2272 quae
508 2199 582 2246 non
606 2176 723 2250 minus
749 2175 901 2250 celebria
923 2185 1017 2251 sunt.
1065 2175 1149 2252 Etsi
1164 2201 1250 2255 vero
1268 2176 1329 2250 alii

222 2304 324 2380 aliter
352 2305 448 2378 inter
484 2305 611 2382 doctos
644 2307 863 2384 Graecorum
893 2307 991 2386 viros
1024 2309 1188 2384 scribunt
1212 2319 1326 2408 atque

222 2437 429 2537 loquuntur,
454 2448 561 2538 prout
586 2439 801 2534 eruditione,
826 2439 974 2541 judicio,
999 2440 1139 2542 pulchri
1168 2439 1325 2518 venusti-

222 2595 294 2669 que
325 2597 435 2648 sensu
467 2572 562 2648 inter
595 2599 636 2650 se
666 2575 858 2663 dissimiles
888 2584 987 2664 sunt,
1017 2574 1107 2650 haec
1130 2583 1250 2648 tamen
1274 2567 1328 2642 di·

221 2701 390 2791 versitas,
425 2729 517 2799 quae
548 2705 661 2801 magis
692 2706 877 2802 magisque
907 2710 1111 2784 evanescet,
1147 2701 1327 2770 neminem

222 2831 496 2930 alienigenarum
531 2828 722 2927 probibere
757 2830 880 2914 debet,
911 2823 1100 2922 quominus
1133 2823 1326 2902 discendae

221 2962 358 3063 vulgari
381 2959 521 3059 linguae
537 2982 683 3057 operam
705 2956 776 3032 det.
825 2953 943 3030 Multo
959 2954 1054 3030 euim
1071 2956 1189 3034 minus
1206 2958 1326 3062 legen-

222 3092 278 3168 dis
304 3094 490 3168 doctorum
516 3082 698 3164 hominurn
722 3087 832 3181 libris,
857 3091 895 3164 in
921 3090 1050 3193 quibus
1075 3091 1206 3168 cultius
1238 3092 1326 3168 illud

221 3233 259 3297 et
277 3223 458 3319 antiquius
476 3220 617 3294 dicendi
636 3246 748 3321 genus
765 3234 922 3322 apparet,
939 3225 1324 3323 peregriniproficiunt

220 3351 400 3453 philologi,
426 3377 533 3451 quam
558 3353 817 3456 cognoscendis
842 3354 886 3426 iis
913 3353 1102 3452 operibus,
1134 3377 1226 3450 quae
1241 3349 1324 3447 -ple-

219 3485 300 3583 bajo
317 3509 482 3560 sermone
501 3486 635 3586 scripta
649 3497 742 3560 sunt
791 3485 979 3585 Siquidem
996 3482 1134 3584 plebeja
1153 3477 1323 3580 loquendi

219 3616 442 3724 consuetudo
457 3603 542 3690 vtam
564 3618 625 3691 diu
649 3617 838 3718 philologis
864 3617 1025 3718 ignorata
1050 3613 1177 3704 effecit,
1201 3623 1243 3687 ut
1266 3611 1323 3688 vel

218 3748 284 3840 illi,
310 3751 373 3850 qui
396 3751 593 3828 litterarum
624 3775 828 3850 graecarum
859 3749 1038 3850 principes
1070 3746 1323 3830 salutabantur,

217 3881 255 3954 in
280 3880 509 3980 explanandis
534 3881 790 3981 vertendisque
815 3882 953 3982 antiqui
978 3891 1015 3956 et
1031 3879 1138 3955 medii
1156 3878 1233 3956 aevi
1250 3899 1323 3949 mo-

216 4012 396 4088 numentis
422 4015 650 4114 gravissimos
676 4012 866 4114 aliquando
893 4040 1032 4090 errores
1054 4014 1122 4089 sibi
1140 4009 1246 4108 objici
1261 4034 1323 4109 pa-

215 4153 387 4218 terentur.
419 4144 539 4244 Quem
556 4145 665 4246 igitur
680 4173 784 4222 usum
806 4149 984 4248 praebeat,
1003 4153 1209 4245 quantoque
1227 4165 1323 4214 corn·

216 4273 322 4350 modo
354 4276 403 4354 sit
434 4276 583 4356 eruditis
616 4282 845 4382 conjunctum
875 4279 1008 4362 veteris
1040 4287 1078 4353 et
1107 4271 1322 4350 recentioris.

857 4875 861 4878 .
881 4873 885 4876 .

1030 4441 1447 4896 sswi
