2860 4870
269 341 336 414 lii)

264 539 343 601 ditio
366 547 425 614 ast,
448 543 556 595 tamen
580 529 612 592 id
635 527 718 610 qnod
742 525 905 592 infinitivo
936 545 1006 590 onm
1029 514 1072 585 ἂν
1093 525 1307 608 enuntiatur,
1338 533 1382 595 sio

264 669 391 722 tantum
414 654 487 718 fieri
509 673 605 740 possa
628 653 757 732 dicitur,
781 653 810 714 si
834 652 885 713 oui
908 649 1088 714 conditioni
1110 649 1321 715 satisfactum
1339 655 1380 717 in.

265 782 340 844 erit.
386 777 428 840 Et
451 777 566 840 aoristi
590 776 717 857 quidam
740 774 902 838 infinitivo
925 793 998 836 oum
1020 770 1083 836 hao
1105 771 1269 856 particula
1293 788 1379 840 uten-

266 903 340 966 dum
364 903 441 980 orit,
467 901 496 964 si
520 899 716 962 montionem
740 897 874 960 saaimua
896 895 1034 958 actionis
1056 905 1112 957 aut
1134 893 1198 956 oito
1223 902 1377 962 transito.

266 1045 322 1088 rao
345 1035 401 1086 aut
423 1021 523 1085 semel
545 1021 682 1098 suturae,
704 1019 886 1104 praesentis
909 1017 1083 1093 infinitivo,
1107 1017 1137 1078 si
1158 1015 1327 1097 loquimur
1344 1023 1376 1085 do

267 1147 397 1208 notione
420 1143 573 1204 duratura
594 1139 645 1203 val
667 1141 796 1224 saepius
821 1141 942 1201 sutura.
988 1131 1138 1219 Denique
1161 1158 1241 1219 qnae
1258 1146 1377 1226 proba.

266 1263 382 1328 bilibus
406 1263 494 1325 ducti
517 1261 720 1344 argumentis
742 1273 895 1323 eventura
916 1282 987 1326 essa
1010 1260 1205 1344 colligimur»,
1228 1281 1276 1342 aa,
1297 1283 1374 1344 qno-

267 1388 357 1450 niam
388 1386 504 1446 mirum
533 1385 635 1464 forat,
664 1385 695 1446 si
722 1403 790 1446 non
819 1384 1019 1464 acciderent,
1041 1384 1128 1464 qnia,
1153 1403 1210 1447 our
1233 1387 1374 1450 aonidaro

267 1509 403 1572 debeant
425 1507 605 1570 rationibus
627 1507 764 1592 probaro
786 1525 965 1591 possumus,
988 1506 1199 1592 exprimenda
1222 1521 1304 1572 sunt
1324 1530 1373 1574 nu-

267 1630 317 1694 dis
349 1629 463 1692 aoristi
493 1640 525 1691 ot
553 1629 735 1714 praesentis
754 1628 950 1692 infinitivis.
1007 1628 1048 1691 ln
1076 1648 1138 1710 qno
1167 1629 1251 1694 illud
1282 1635 1375 1698 etiam

268 1752 399 1815 evidens
421 1761 482 1830 ast,
506 1753 667 1814 actionem
689 1753 799 1829 istam,
824 1750 967 1830 quamvis
991 1751 1148 1830 suturam,
1171 1754 1218 1815 sio
1242 1774 1263 1817 a
1287 1760 1376 1821 nobis

268 1886 468 1962 perspectam
491 1894 571 1952 esse,
595 1888 630 1936 ιιι
652 1874 682 1936 si
704 1871 754 1934 vel
777 1893 863 1935 nuno
886 1873 944 1935 fiat
966 1872 1016 1936 vel
1039 1874 1124 1938 iacta
1142 1878 1212 1957 jam
1235 1878 1292 1940 sit.
1317 1880 1376 1944 Ita-

268 2016 328 2077 que
351 1996 468 2059 Graeci
490 2007 523 2058 et
545 1994 613 2075 illa,
638 2015 717 2076 qnae
740 1994 860 2056 nullius
884 1995 1037 2080 temporis
1060 1999 1192 2081 propria
1214 2013 1305 2081 ειιιιι,Ι
1323 2003 1379 2066 sed

269 2117 357 2178 omni
380 2127 488 2178 aetate
510 2117 620 2180 eodem
646 2118 738 2179 modo
761 2116 868 2180 solent
891 2118 1094 2200 contingere,
1124 2121 1151 2182 si
1175 2123 1309 2200 quando
1334 2127 1381 2186 fu-

268 2247 342 2298 tura
366 2237 514 2297 videntur
536 2248 569 2298 at
593 2237 739 2317 obliquae
763 2240 905 2302 orationi
929 2239 1129 2318 inseruntur,
1152 2239 1213 2303 hno
1244 2243 1384 2308 dicandi

269 2359 371 2419 forma
395 2367 518 2419 notant
563 2356 623 2420 Est
645 2359 746 2441 igitur
768 2353 881 2435 ἐλπίζω
904 2339 1001 2422 norim
1020 2350 1152 2441 γράψειν
1170 2379 1271 2444 spero
1295 2382 1389 2427 eum
1415 2295 1417 2432 ί

267 2477 469 2566 scripturum
494 2498 566 2543 erse
588 2481 618 2541 ei
642 2481 812 2545 dicendum
835 2486 890 2565 qui
912 2485 1042 2549 minime
1058 2477 1161 2545 dubiis
1175 2499 1285 2543 rarum
1299 2501 1386 2548 anu.

267 2604 314 2666 sis
342 2603 489 2677 innixus,
521 2601 567 2666 ita
594 2605 715 2668 statuit
768 2605 891 2670 Contra
914 2600 1025 2679 ἐλπίζω
1053 2593 1151 2668 αὐτὸν
1177 2589 1219 2663 ἂν
1245 2594 1380 2684 γράψαι
1414 2623 1415 2640 ι

267 2743 366 2811 spero
389 2743 462 2787 eum
485 2725 605 2806 (torta)
628 2723 831 2813 scripturum
853 2729 882 2790 is
904 2727 992 2804 dicit,
1016 2731 1070 2806 qui
1085 2730 1235 2812 opinatur
1248 2728 1375 2806 quiden

267 2846 404 2910 alterum
426 2846 618 2931 scripturum
641 2871 722 2925 asso,
743 2849 800 2910 sed
821 2848 1044 2930 scripturusna
1074 2846 1117 2906 sit
1139 2844 1213 2925 ille,
1243 2867 1291 2911 an
1319 2852 1374 2911 mi-

269 2988 331 3031 nus
360 2970 505 3052 ignorat,
540 2971 615 3051 quin
644 2968 805 3034 scribendi
837 2977 926 3031 actus
953 2986 995 3030 ex
1023 2965 1208 3030 conditione
1236 2971 1374 3049 quadam

267 3090 399 3176 pandet,
427 3110 489 3174 qua
518 3102 574 3155 aut
601 3091 733 3179 impleta
759 3101 817 3158 aut
850 3110 918 3155 non
944 3089 1077 3178 impleta
1104 3089 1161 3152 illo
1193 3091 1373 3176 scripturus

268 3223 326 3273 aut
347 3232 414 3274 non
436 3215 611 3298 scripturus
632 3227 692 3278 est.
737 3214 792 3279 An
814 3213 876 3280 hoa
900 3216 948 3280 ita
968 3215 1128 3280 duntaxat
1149 3213 1314 3298 discrepat
1329 3209 1370 3271 ἒλ

266 3322 343 3402 πίζω
366 3321 462 3391 αὐτὸν
484 3321 526 3392 άν
547 3325 691 3417 γράφειν,
716 3348 752 3400 ιιι
775 3339 906 3400 omnino
929 3337 1016 3400 rnodi
1036 3337 1230 3398 aoristorum
1247 3355 1372 3420 aprae-
1410 3323 1411 3381 ί

265 3453 406 3516 santium
427 3465 605 3542 temporum
628 3459 730 3522 modis
753 3459 914 3520 differunt.
965 3455 1051 3517 Nam
1070 3453 1109 3516 ⁴si
1139 3445 1250 3525 ἐλπίζω
1274 3449 1373 3516 αὐτὸν
1409 3508 1410 3538 γ

222 3616 226 3623 f
265 3561 308 3634 oio
328 3565 454 3658 γράψαι
477 3599 547 3642 oum
570 3573 681 3652 ἐλπίζω
701 3571 801 3639 αὐτὸν
821 3563 865 3637 oio
884 3565 1020 3658 γράφειν
1039 3585 1256 3663 eomparatur,
1278 3579 1373 3665 prius

265 3709 315 3762 est
342 3717 441 3784 spero
469 3719 542 3764 eom
569 3700 695 3781 (sorte)
728 3698 831 3766 semol
857 3695 1059 3785 seraphinum
1085 3715 1159 3761 esse
1184 3698 1236 3762 val
1269 3719 1373 3786 opero

264 3837 338 3880 enm
367 3821 490 3902 (forto)
519 3819 587 3886 cito
616 3820 819 3907 scriptorum
845 3839 934 3894 ease,
965 3820 1140 3906 posterior:
1168 3839 1268 3904 spero
1297 3843 1375 3887 eum

230 3930 232 3938 ’
265 3933 325 3998 dio
347 3938 549 4024 wriptnrmn
572 3963 643 4008 csse
665 3945 716 4007 vol
737 3961 836 4031 spero
857 3960 933 4004 ιἰιιιι
955 3937 1094 4028 saepias
1113 3939 1321 4030 scrr'pturum
1350 3946 1373 4010 i.
1405 3869 1407 4020 ί

264 4077 292 4118 e.
314 4059 344 4120 si
366 4061 405 4120 de
427 4066 573 4146 epistolis
603 4067 714 4148 agitur
742 4083 840 4151 spero
868 4083 943 4128 eum
970 4063 1203 4130 commercium
1232 4062 1373 4130 littera-

263 4199 335 4242 rum
358 4199 482 4244 mecum
505 4183 665 4251 initorum
686 4207 767 4251 asse·
819 4187 966 4271 Denique
989 4180 1100 4262 ἐλπίζω
1122 4179 1220 4246 αὐτὸν
1239 4180 1372 4268 γράψαι

262 4317 294 4367 et
316 4293 425 4376 ἐλπίζω
448 4295 546 4364 αὐτὸν
566 4299 703 4390 γράφειν
723 4311 835 4383 eodan
857 4313 1097 4398 praesentiret
1119 4310 1234 4374 aoristi
1257 4313 1370 4376 modo·
