2908 4914
1169 319 1218 368 XV

114 502 253 594 captam
279 486 616 602 Constantinopolin
646 509 686 562 ac·
716 511 789 593 non
820 485 931 564 multo
962 499 1047 589 post
1077 488 1217 590 prodie-
1333 585 1344 596 .

112 635 207 715 runt,
231 623 269 698 in
295 624 426 724 quibus
451 621 609 709 nescias,
634 609 888 721 utrummagis
903 620 1100 695 Turcarum
1124 643 1217 724 quae

113 755 333 830 describitur
354 751 616 840 immanitatem,
649 777 696 823 an
726 750 816 859 stili,
848 777 919 849 quo
952 761 1091 826 exarata
1122 761 1217 840 sunt,

113 875 328 960 barbarian
343 884 498 958 horreas.
552 883 610 958 Ab
647 881 718 954 boc
741 871 839 954 'inde
875 871 1038 981 tempore
1068 882 1217 957 maxima

115 1003 337 1114 antiquitatis
367 1005 567 1116 ignorantia
599 1001 787 1090 Graeciam
818 1013 1029 1114 occupavit·
1071 1011 1219 1114 Quippe

109 1146 266 1246 inclytus
292 1146 375 1220 olim
401 1147 574 1246 sapientia
598 1145 786 1246 populus,
802 1153 859 1220 tot
888 1143 979 1218 mala
1012 1166 1103 1244 quae
1138 1169 1219 1244 per·

111 1302 243 1377 pessus
269 1287 346 1352 erat
367 1287 407 1352 et
430 1276 592 1378 quotidie
623 1277 821 1388 Turcarum
851 1273 1061 1350 crudelitate
1091 1301 1220 1377 perpe-

112 1407 271 1481 tiebatur
296 1403 468 1508 cogitans
482 1409 599 1496 unico,
625 1407 722 1506 quod
748 1406 939 1480 christiana
962 1405 1086 1508 religio
1119 1433 1220 1508 prae-

114 1537 231 1627 bebat,
256 1536 386 1612 solatio
415 1529 699 1625 sustentabatur,
723 1537 920 1611 litterarum
952 1537 1081 1612 studiis
1107 1537 1221 1637 (proh

111 1667 250 1766 dolorl)
275 1663 460 1769 neglectis.
517 1661 603 1742 Etsi
640 1677 769 1742 autem·
790 1667 930 1743 litterae
958 1661 1096 1767 jamin
1121 1677 1220 1744 tene

113 1800 187 1876 bris
212 1802 393 1898 jacebant,
412 1800 555 1876 luerunt
576 1791 698 1874 tamen
721 1799 816 1873 inter
838 1799 1047 1875 sacerdotes
1073 1800 1134 1900 qui
1159 1824 1219 1878 ve-

113 1941 230 2004 terum
256 1957 365 2030 opera
390 1929 535 2004 assidue
557 1929 719 2028 legerent
743 1929 1004 2030 divulgatisque
1033 1930 1134 2004 libris
1160 1957 1220 2004 an-

115 2059 219 2156 tiquo
243 2083 408 2148 sermone
433 2059 578 2159 scriptis
609 2034 894 2134 inclarescerent.
954 2059 1065 2159 Quod
1099 2087 1220 2161 quam·

110 2211 222 2288 qnam
246 2183 412 2268 laudabili
436 2188 798 2280 instituto'secerunt,¹
823 2199 864 2266 ut
887 2191 1116 2292 peritioribus
1142 2193 1219 2296 qui-

112 2319 262 2395 busdam
287 2323 516 2424 prodessent,
542 2322 638 2423 plebi
662 2333 782 2398 tamen
807 2324 853 2397 ob
883 2323 1094 2417 dictionem,
1125 2352 1219 2428 quae

111 2451 228 2552 ipsius
251 2465 395 2555 captum
420 2457 627 2554 superabat,
657 2455 832 2555 prodesse
863 2451 1068 2556 nequibant
1123 2458 1218 2542 Inte,-

111 2584 180 2653 rim
209 2583 340 2680 vulgus
371 2581 546 2680 perpetuo
581 2585 621 2654 in
650 2585 798 2681 templis:
832 2594 905 2656 tam
939 2588 1073 2661 veteris
1111 2613 1218 2684 quam

113 2709 199 2785 novi
230 2709 435 2783 testamenti
469 2706 601 2809 scripta
638 2707 844 2787 sacerdotes
867 2703 1019 2811 'publice
1057 2713 1218 2816 legentes

111 2839 260 2914 audiens
286 2839 341 2914 sie
364 2839 574 2940 impeditum
592 2837 671 2930 est,
697 2833 888 2941 quominus
913 2837 1063 2944 prorsus
1093 2847 1217 2923 barba-

110 2997 189 3046 rum
203 2985 205 2988 ’
219 2970 391 3071 loquendi
421 2973 565 3045 modum
597 2973 799 3048 ascisceret.
854 2974 939 3050 Tria
969 2975 1045 3052 fere
1075 2981 1215 3055 saecula

110 3113 195 3204 post
219 3101 359 3202 imperii
377 3101 564 3202 Byzantini
581 3125 747 3178 occasum
761 3098 987 3198 transierunt,
1006 3101 1115 3208 quum
1132 3137 1214 3210 pars

111 3229 286 3330 quaedam
311 3205 470 3306 Graecae
492 3232 663 3324 nationis,
690 3235 788 3335 quod
811 3241 1044 3316 mercaturam
1069 3251 1215 3318 emanue

109 3361 243 3438 lecerat
278 3361 412 3439 divitiis
437 3375 550 3456 aucta,
588 3368 683 3444 circa
717 3393 848 3444 annum
888 3375 981 3445 1750
1017 3372 1212 3450 litterarum

111 3495 242 3568 amore·
254 3494 401 3570 incendis
420 3497 548 3596 coepit
588 3499 714 3574 adde·
727 3501 825 3600 quod
850 3501 972 3601 plures
990 3506 1131 3592 Graeci,
1151 3509 1213 3604 qui

111 3625 240 3725 opibus
278 3627 392 3730 aeque
429 3637 538 3728 atque
575 3629 718 3731 ingenio
755 3633 951 3733 pollebant,
993 3634 1039 3708 ad
1058 3633 1215 3708 lllolda-

113 3757 204 3833 viam
228 3755 486 3860 Vlacbia'mqua
524 3759 840 3849 administrandam
871 3791 891 3837 a
923 3764 1120 3838 Turearum
1145 3767 1213 3841 lm·

111 3887 278 3988 peratore
299 3893 376 3985 'jam
406 3890 601 3991 superioris
619 3893 764 3968 saeculi
798 3875 903 3968 initio
934 3890 1067 3970 admoti
1103 3882 1245 3976 erant.¹

111 4017 161 4092 Hi
201 4042 326 4092 omnes
366 4045 441 4091 non
480 4031 619 4096 tantum
658 4025 730 4123 ipsi
764 4023 985 4100 moditionis
1033 4006 1212 4106 desiderio

112 4151 344 4242 tenebantur,
403 4148 469 4226 sed
508 4153 622 4227 'etiam
666 4154 895 4254 popularibus
942 4159 1036 4256 viam
1083 4159 1227 4260 quovis

113 4283 220 4358 modo
252 4283 297 4357 ad
334 4307 411 4358 cam
434 4263 587 4360 'munire
622 4286 825 4381 studebant,
861 4291 930 4365 rati
951 4301 1042 4366 tum
1072 4291 1213 4368 demum
