2870 4874
568 165 578 196 ·
1207 151 1230 226 7

118 348 183 428 Ac,
205 348 234 410 si
256 358 288 410 tc
311 363 490 430 cognovero
513 359 676 409 umorem:
699 340 1029 418 norcomannorum
1051 351 1168 430 meam,

119 491 154 542 et
176 490 207 542 te
229 479 444 558 introducam,
466 486 504 540 ut
524 473 634 537 videar
655 495 749 538 omne
771 475 970 542 domicilium
991 496 1108 542 mcum·

117 611 229 675 Etiam
251 607 430 696 hospitalia
451 623 585 670 munera
607 605 668 669 tibi
688 607 833 688 douah03

118 743 174 808 Ac
189 763 240 804 me
254 736 457 804 reductorem
473 749 505 802 to
519 758 590 801 esse
607 738 760 822 promitto
775 739 836 820 titi
848 759 959 804 rursus
975 740 1148 821 inlocum,
1167 741 1223 804 nbi

120 873 242 936 Paludi
264 871 348 952 huic,
373 889 467 952 quam
489 869 588 948 vides,
605 888 672 952 ego
696 868 859 951 dominor3
889 867 1005 955 [antea
1017 873 1115 952 inisti,
1127 881 1214 936 retro

120 982 241 1083 Ranir,
264 1023 344 1082 quac
366 995 444 1064 runt
466 999 531 1080 hic,
553 1001 678 1064 cunctis
700 1001 834 1088 impero.
921 1003 923 1010 '

120 1131 383 1216 Piryaignathum
404 1153 455 1196 me
478 1119 654 1226 appellant.
699 1135 790 1209 Quin
812 1133 918 1198 dicam
940 1143 974 1199 et
994 1145 1131 1221 patrem,

120 1264 193 1344 quis
216 1265 269 1342 sit,
293 1265 346 1344 qui
367 1285 419 1327 me
442 1265 566 1348 genuit,
588 1275 621 1327 et
643 1284 733 1346 quae·
746 1266 792 1330 sit
812 1275 925 1330 mater.
1038 1307 1040 1314 ,

121 1360 257 1459 Peleum
279 1394 372 1457 illum
395 1395 575 1474 nominant,
598 1406 631 1458 et
653 1393 967 1480 hanciiygrasiam.
1069 1395 1072 1402 ’

121 1527 229 1591 Ambo
251 1546 302 1588 me
325 1526 512 1606 educarunt,
537 1545 608 1588 cum
631 1525 706 1588 aliis
727 1525 796 1589 suis
818 1527 929 1590 liberie

122 1659 163 1722 ad
184 1659 362 1726 Eridanum
384 1655 519 1738 ssuinen3
541 1655 610 1720 iilic
630 1657 771 1722 invicem
792 1679 829 1721 so
852 1665 1079 1741 cognoverunt,

122 1801 232 1852 mutuo
254 1811 289 1852 se
311 1791 510 1868 amaverunt,
532 1799 565 1850 et
586 1799 663 1852 tuno
684 1768 771 1855 intei·
791 1811 828 1854 se
849 1791 1055 1854 miscuerunt.

123 1921 181 1984 Me
204 1931 286 2014 tunc,
302 1929 483 2000 genuerunt
504 1919 545 1980 ati
566 1917 707 1982 fluminis
729 1921 828 2006 ripas.

126 2050 192 2112 Dic
214 2049 312 2111 etiam
339 2059 373 2111 tu
395 2067 497 2131 genus
522 2058 622 2126 tunm,
638 2045 678 2112 'et
699 2048 813 2111 fiemus
836 2049 948 2127 amici3

122 2191 296 2268 propterea
318 2180 401 2263 quod
424 2188 457 2242 et
478 2190 514 2242 tu
535 2177 619 2244 mihi
640 2179 759 2244 videris
781 2201 823 2244 ex
845 2191 985 2266 aspectu,
1050 2253 1059 2264 x
1093 2183 1096 2186 ’

124 2335 142 2375 e
166 2314 270 2378 forma
292 2321 325 2374 et
346 2309 478 2392 viribus,
502 2310 646 2376 obtinere
668 2331 813 2396 reguum.

125 2445 218 2506 Tunc
240 2444 271 2505 ei
293 2444 461 2528 respondit
482 2462 553 2504 mus
576 2462 615 2504 ac
637 2443 735 2505 dixit:

130 2572 216 2646 Quid
239 2573 367 2648 quaeris
390 2589 492 2650 genus
513 2571 639 2630 meumi
682 2571 813 2639 Nomen
833 2588 938 2629 mcum
961 2571 1081 2632 omitte.

131 2699 290 2763 Omnibus
311 2709 361 2760 est
381 2708 506 2775 notum,
528 2697 630 2762 Asiae
652 2707 685 2760 et
706 2696 866 2782 Europae,

131 2831 311 2895 volucribus
334 2829 425 2910 coeli,
449 2827 512 2892 diis
534 2839 630 2910 atque
650 2825 844 2892 hominibus.

131 2956 298 3042 Attamen,
320 2963 351 3026 si
372 2963 422 3025 vis
444 2973 478 3024 et
500 2971 603 3046 optas,
626 2961 662 3022 in
682 2959 839 3023 memoria
861 2970 898 3024 ut
919 2959 1039 3026 habear

130 3115 250 3158 nomen
271 3093 400 3176 generis
422 3088 496 3165 moi,
520 3099 555 3152 et
575 3098 612 3151 ut
632 3088 667 3151 id
687 3091 840 3170 retineas,

132 3225 271 3288 libenter
293 3222 353 3286 tibi
375 3221 489 3284 dicam.
534 3217 633 3300 Audi,
655 3220 811 3302 quomodo
834 3240 934 3286 vocer.
1042 3269 1045 3276 .

133 3353 388 3442 Psicharpagem
410 3374 462 3417 me
484 3352 606 3432 dicunt,
628 3369 730 3432 neque
752 3351 786 3417 id
806 3371 901 3438 nego.

133 3487 236 3551 Filius
259 3485 461 3568 magnanimi
483 3459 553 3548 sum
575 3483 768 3564 Troxartae,

137 3619 188 3682 cui
208 3627 258 3682 est
279 3619 379 3681 barba
400 3615 499 3698 longa
520 3614 606 3678 sicut
625 3611 718 3677 hirci.
835 3648 842 3660 ·

136 3749 245 3812 Mater
264 3767 336 3812 mec
358 3759 408 3812 est
429 3745 558 3826 nobilis,
581 3763 676 3826 quam
697 3747 814 3808 nocant
834 3735 1070 3822 Lichom‘ylam,

138 3877 322 3966 plerumque
343 3877 505 3972 (tempus)
528 3843 689 3963 reperitur
709 3873 876 3937 albissima
898 3871 1011 3950 labiis3

139 4011 386 4074 Pternotroctac
407 4009 495 4092 regis
518 4007 634 4069 dicitur
656 4005 737 4068 filia.

140 4140 204 4206 llla
225 4159 276 4205 me
299 4139 373 4204 tulit
395 4138 431 4202 in
452 4136 557 4202 lucem
578 4147 610 4200 ct
632 4131 814 4200 in'dulcem
836 4143 959 4214 cerem
