2870 4874
210 247 258 321 76

209 444 285 508 vid.
316 441 509 507 Buttmanni
537 450 705 525 grammat.
737 439 884 525 amplior.
911 437 1043 501 Toml
1071 435 1099 522 §.
1122 437 1165 502 96
1197 439 1275 507 adn.
1303 441 1329 506 9
1397 402 1399 490 1

209 587 282 652 pag.
307 563 380 630 tto.
431 564 536 627 Porro
568 563 608 626 de
641 563 924 649 praetermissione
948 561 1120 647 participii
1142 548 1197 636 dv,
1231 565 1326 643 qnod

208 699 282 773 post
304 673 405 759 ἕτυχα
427 687 547 751 veteris
570 685 752 770 elegantiae
773 685 910 749 studiosi
940 683 994 746 hic
1025 684 1161 747 forsitan
1192 684 1325 748 deside-

207 820 293 888 rent,
315 809 388 872 vide
410 808 484 872 adn.
508 809 549 882 ad
571 827 652 872 vers.
679 806 751 872 179.
768 841 812 852 --
828 827 902 884 μου,
925 805 1007 886 quod
1023 806 1163 890 positum
1176 817 1228 868 est
1242 819 1324 891 post

206 923 291 1011 nord,
312 932 453 1017 scriptor
474 941 584 995 noster
605 929 803 1016 pleonastice
825 926 922 989 addit.
969 923 1029 988 Sic
1057 937 1091 990 et
1117 928 1204 990 infra
1233 948 1320 992 vers.

207 1050 273 1116 200
307 1045 384 1111 ποτέ
405 1074 471 1131 μου
498 1043 554 1112 ὁὲν
582 1044 653 1120 τοὺς
675 1035 786 1127 dorca.
841 1047 995 1112 Refertur
1018 1059 1125 1114 autem
1146 1051 1318 1131 utrobique

206 1175 248 1236 ad
269 1175 366 1238 verba
389 1159 498 1252 ἔφυγα
519 1183 552 1234 et
574 1157 684 1248 ἅφινα,
707 1171 755 1234 ita
776 1172 813 1232 ot
834 1169 916 1233 hacc
943 1169 1094 1250 loquendi
1123 1173 1208 1234 ratio
1240 1193 1312 1236 con.

206 1295 285 1358 ferri
306 1302 403 1374 queat
425 1313 497 1356 cum
520 1292 655 1376 gallica:
678 1293 744 1356 moi
761 1297 800 1376 je
820 1311 862 1355 ne
886 1290 941 1355 l’ai
958 1293 1079 1374 jamnis
1102 1293 1171 1356 fait.

336 1413 380 1478 V·
404 1412 456 1480 76.
501 1405 556 1474 cdv
577 1406 721 1482 θάνατον
741 1407 813 1476 ’ποῦ
833 1407 960 1495 μέλεται
981 1403 1025 1472 νά
1043 1406 1117 1494 ’λρῃ
1138 1417 1160 1476 i.
1176 1437 1203 1478 e.
1226 1436 1316 1479 mor.
1407 1395 1409 1474 1

208 1548 288 1616 tent,
313 1555 404 1624 quoe
426 1533 786 1611 praenarraverat.
832 1536 936 1600 Paulo
966 1536 1092 1616 quidem
1119 1537 1316 1606 insolentius
1408 1506 1410 1556 ¹

208 1663 329 1729 dictum
352 1671 401 1723 est
416 1653 557 1738 μέλεται,
581 1659 637 1722 sed
659 1659 735 1722 licet
761 1656 857 1722 hodie
885 1659 933 1720 sic
960 1677 1053 1721 nemo
1083 1658 1247 1742 loquatur,
1275 1664 1315 1730 in
1411 1707 1412 1732 t

89 1865 93 1874 ἢ
206 1783 266 1847 tali
287 1794 436 1870 poemata
460 1799 527 1842 non
549 1780 801 1846 sollicitandum.

337 1902 381 1966 V.
406 1903 459 1966 77.
504 1895 593 1973 ποτές
615 1903 791 1987 vulgariter
813 1923 872 1990 pro
895 1895 976 1964 ποτέ.
1003 1937 1047 1954 -
1068 1897 1225 1963 oaoore'ia
1247 1906 1311 1986 vel,
1413 1909 1414 1918 ’

204 2037 241 2088 ut
263 2027 322 2090 alii
343 2028 489 2091 scribunt
511 2021 688 2092 amoram
708 2028 780 2112 ipsa
802 2025 993 2092 Latinorum
1006 2047 1070 2090 vox
1090 2037 1138 2089 est
1152 2024 1311 2102 scutella,
1414 2007 1415 2026 ³

205 2149 373 2228 quaejam
402 2149 486 2232 apud
515 2149 613 2212 medii
641 2149 712 2210 aevi
739 2149 915 2233 scriptores
942 2168 1000 2234 pro
1029 2160 1135 2210 vetere
1162 2142 1308 2228 τρυβλίον

204 2287 272 2332 non
287 2268 473 2346 infrequens
490 2278 548 2329 est.
590 2267 639 2332 Cf.
654 2267 801 2351 Ducang.
819 2270 961 2332 Glossar.
975 2271 1066 2334 Tom.
1078 2271 1112 2334 11
1123 2293 1193 2358 pag.
1210 2270 1302 2334 1399.
1359 2319 1368 2322 -

333 2387 376 2452 V.
400 2385 453 2454 78.
498 2379 620 2458 κείνους
644 2380 817 2471 ἒσμῖγομαι
844 2387 915 2456 illis
935 2388 1134 2472 immisceor,
1160 2392 1212 2454 ubi
1239 2381 1296 2452 κεί-

202 2533 278 2580 νους
299 2511 398 2575 dativi
421 2512 489 2576 vice
512 2513 665 2596 fungitur,
689 2525 725 2580 ut
746 2517 875 2602 saepius
897 2517 1042 2582 vidimus.
1075 2515 1185 2581 'Aliud
1201 2531 1302 2580 exem-

202 2635 292 2722 plum
314 2636 401 2700 verbi
425 2625 608 2716 ε’σμίγομαι,
622 2658 757 2723 proquo
771 2630 930 2720 σμίγομαι
947 2640 1065 2704 Graeci
1080 2658 1207 2723 semper
1222 2655 1305 2698 nunc

202 2770 352 2839 utuntur,
381 2758 475 2822 affert
505 2757 626 2828 Cernes
647 2751 767 2824 Ἀτακν.
790 2760 879 2819 Tem.
903 2758 937 2817 ΙΙ
958 2776 1030 2837 pag.
1055 2753 1121 2815 309
1142 2777 1169 2814 s.
1193 2779 1221 2817 v.
1245 2752 1308 2814 ποῦ

202 2869 258 2942 καὶ
280 2878 341 2939 ποῦ
362 2900 404 2941 ex
426 2878 614 2964 Georgillae
635 2886 796 2963 poemate,
820 2874 904 2954 quod
931 2873 1115 2936 inscribitur
1141 2863 1177 2932 τὸ
1200 2883 1305 2943 &onoc
1358 2901 1361 2910 «

201 2989 286 3063 rradv
307 2998 359 3074 τῆς
377 2989 498 3067 Ῥόδου.
521 2991 631 3066 Verba
653 3009 729 3066 sunt
750 2987 807 3058 arod
829 2982 928 3072 ἄλλην
949 2986 1010 3056 οὐκ
1031 2985 1205 3077 ἕσμῖγεται,
1221 2999 1305 3078 quod

201 3122 240 3184 de
263 3122 351 3185 coitu
372 3121 627 3206 intelligendum.
672 3123 715 3190 In
737 3113 912 3203 ε’σμίγομαι
935 3119 1055 3184 Coraes
1073 3118 1130 3184 1.1.
1150 3140 1225 3205 pag.
1238 3118 1300 3186 331

200 3240 282 3302 illud
304 3263 319 3296 ε
340 3243 468 3304 initiale
490 3247 623 3306 barbare
646 3247 806 3327 adjectum
828 3267 898 3311 esse
920 3246 979 3321 ait,
1000 3245 1096 3324 idque
1117 3255 1213 3304 recte.
1250 3241 1306 3306 Et.

201 3359 287 3422 enim
308 3366 345 3417 ut
366 3359 491 3433 antiqui
513 3376 580 3418 non
603 3361 785 3424 habuerunt
808 3365 1018 3446 compositum
1041 3348 1240 3437 ε’σμιγνύναι,
1256 3363 1305 3427 ita

200 3495 400 3560 nequaquam
421 3474 596 3563 putandum
618 3488 683 3557 est,
706 3481 741 3542 in
764 3471 887 3558 ἕσμίγω
909 3480 1180 3564 praepositionem
1204 3475 1234 3550 ἐς
1255 3502 1305 3545 re.

200 3603 309 3689 periri.
330 3634 383 3672 ,·-
412 3588 481 3666 ὅσοι
505 3589 546 3657 ’vt
574 3593 604 3670 ἒς
632 3587 679 3675 rd'
710 3603 731 3669 i.
760 3623 788 3670 e.
813 3588 886 3678 ὅσοι
913 3589 959 3666 'c‘vt
987 3595 1018 3672 ἒς
1040 3591 1101 3676 τὴν.
1124 3637 1168 3654 -›-
1193 3596 1301 3684 ’prpo-

201 3715 318 3792 ortua
350 3725 373 3789 i.
407 3745 436 3788 c.
470 3685 684 3804 dptrddorc'tia
718 3737 849 3807 etymon
880 3723 1001 3790 habens
1035 3728 1076 3790 ab
1113 3703 1302 3806 ἕμπροσξεευ,

196 3844 329 3934 primus
359 3843 584 3932 pugnantium
614 3844 700 3912 ordo
733 3859 813 3914 est..
839 3845 905 3914 Cur
934 3849 1068 3911 Orosius
1095 3846 1165 3927 hic,
1187 3850 1241 3914 ubi
1264 3849 1302 3911 de

200 3968 344 4038 muribus
367 3970 487 4049 agitur,
506 3966 652 4054 primum
675 3978 861 4056 equestrem
884 3967 1035 4034 ordinem
1062 3992 1132 4034 esse
1154 3970 1302 4043 voluerit,

201 4090 271 4175 ipsc
292 4088 433 4173 profecto
457 4090 581 4157 viderit.
628 4093 730 4166 Aliud
753 4113 847 4157 rarae
874 4091 970 4177 hujus
997 4093 1169 4157 locutionis
1198 4113 1301 4162 exem·

123 4220 127 4228 '
201 4210 291 4306 plum
313 4209 497 4296 depromam
518 4233 560 4278 ex
579 4205 699 4282 Ἀτακτ.
721 4216 811 4283 Tem.
834 4216 868 4284 ΙΙ
890 4239 920 4304 p.
946 4214 1026 4292 121,
1049 4216 1131 4296 quod
1153 4213 1302 4284 haustum
