2908 4914
1185 261 1221 312 ΧΙ

116 453 196 504 cum
214 425 430 505 admixtione
448 431 614 526 corrupta
632 433 696 500 'est
739 423 862 526 Quid?
881 427 979 529 quod
995 426 1065 530 ipsl
1091 427 1220 538 Graeci

117 559 275 637 barbaris
301 558 454 658 subjecti
479 582 553 632 non
585 557 734 655 amplius
750 568 864 636 -tanto
896 560 1067 636 orationis
1098 560 1220 661 lepore

117 719 159 766 ac
183 691 380 767 festivitate
405 685 637 788 praestabiles
662 687 814 763 luerunt.
856 690 936 766 Nec
960 691 1097 767 mirum.
1137 690 1221 766 Ele·

117 824 237 923 gantia
263 830 302 894 et
325 819 505 894 urbanitas
531 817 706 892 sermonis
732 818 855 894 inillis
873 819 1120 898 tantummodo
1137 848 1221 924 geu-

117 955 214 1026 tibus
229 951 479 1051 reperiuntur,
505 976 595 1050 quae
620 948 787 1050 politiore
815 950 1036 1028 humanitate-
1066 953 1222 1053 praecel-

116 1083 234 1156 lentes
265 1092 303 1156 et
331 1075 466 1156 liberali
496 1081 658 1156 doctriua
688 1091 834 1156 ornatae
864 1083 1016 1160 maxima
1045 1081 1221 1161 libertatis

3 1275 4 1278 ,
115 1213 286 1288 felicitate
311 1211 484 1288 fruuntur.
535 1213 671 1288 Contra
705 1239 942 1315 quaecuuque
973 1215 1011 1290 in
1042 1215 1222 1316 peregrini

118 1344 265 1442 alicujus
291 1343 584 1448 dominiditione
611 1353 705 1433 suut,
731 1345 872 1422 etiarnsi
896 1347 1222 1456 bonarumxartium

3 1569 4 1574 ἵ
117 1501 238 1548 curam
264 1484 440 1573 perpetuo
467 1483 601 1572 gerant,
627 1482 745 1547 tamen
769 1475 845 1572 jugi
868 1476 980 1565 illius,
1004 1479 1103 1574 quod
1135 1479 1225 1576 pati·

116 1617 236 1695 untur,
261 1629 443 1704 uunquam
469 1629 541 1676 non
567 1628 745 1678 memores
781 1605 966 1682 servitutis
997 1633 1040 1680 ac
1068 1607 1226 1682 miseria-

118 1763 197 1811 rum
221 1737 371 1836 vestigia
390 1735 531 1834 liuguae
551 1735 658 1810 etiam
674 1759 764 1812 ¹surae
783 1735 901 1810 solent
917 1736 1132 1837 imprimere.
1158 1738 1224 1814 At-

118 1879 240 1943 tamen
265 1869 353 1942 haec
377 1893 450 1940 nou
475 1875 634 1965 repente,
668 1864 733 1940 scd
758 1866 927 1965 paulatim
958 1893 1002 1940 ex
1035 1879 1152 1944 comta
1187 1881 1225 1947 ct

121 1999 255 2069 urbana
285 1995 429 2068 horrida
459 1995 502 2067 fir
532 2004 569 2069 et
599 1996 742 2068 rustica.
798 1994 884 2092 Quo
914 1997 1028 2096 magis
1061 1997 1226 2079 videlicet

89 2153 92 2160 ’
122 2126 293 2226 temporis
319 2148 514 2228 progressu
538 2125 749 2226 opprimitur
771 2126 925 2228 populus
951 2155 993 2202 ac
1015 2131 1137 2230 jugum
1155 2131 1227 2232 pri·

41 2234 44 2239 ⁵
120 2284 180 2331 mo
204 2256 426 2333 intolerabile
450 2239 603 2332 tolerare
627 2257 786 2350 docetur,
813 2284 856 2334 eo
881 2261 994 2362 magis
1013 2262 1089 2361 ejus
1106 2261 1226 2365 lingua

120 2399 159 2464 et
183 2389 322 2489 ipsein
346 2389 666 2492 pejorem'partem
691 2391 896 2468 necessario
920 2393 1079 2472 vertitur.
1112 2395 1227 2496 igitur

3 2539 4 2544 ’
120 2519 270 2596 Graecis
308 2521 347 2594 iu
380 2521 621 2596 Macedonum
658 2533 876 2621 potestatem
910 2523 1067 2598 redactis
1103 2525 1227 2601 sunda-

120 2659 242 2722 meuta
266 2652 360 2744 jacta
385 2660 470 2720 sunt
488 2649 634 2746 liuguae
657 2650 693 2719 iu
720 2650 879 2728 deterius
903 2652 1102 2722 mutandae.
1135 2653 1226 2728 Orta

54 2813 58 2820 ·
125 2778 244 2858 estid
269 2777 439 2876 temporis
465 2799 507 2850 ea
533 2778 708 2852 sermonis
734 2777 863 2869 lorma',
889 2805 982 2878 quae
1009 2779 1092 2880 quia
1117 2786 1228 2858 omni-
1294 2859 1298 2864 ,a

120 2910 189 2996 bus
215 2908 364 2985 Graecis
390 2909 588 2983 communis
614 2933 695 2984 esse
721 2911 849 3010 coepit,
884 2909 1003 3012 lingua
1029 2916 1226 3003 communis

3 3069 6 3088 r
121 3043 168 3141 (ἡ
193 3040 301 3140 κοινὴ
326 3039 539 3133 διάλεκτος)
564 3041 717 3114 vocitata
745 3051 817 3130 est,
842 3044 1096 3140 ,quaeatticae
1121 3047 1228 3124 diale-

122 3172 172 3245 cti
202 3172 359 3270 speciem
390 3169 622 3269 habitumque
651 3169 830 3246 referebat
860 3181 970 3272 atque
998 3175 1036 3246 iu
1066 3175 1138 3252 boc
1170 3205 1228 3254 so-

122 3303 158 3375 lu
190 3302 234 3374 ab
268 3327 307 3376 aa
339 3301 578 3402 discrepabat,
611 3301 708 3402 quud
740 3303 882 3378 sublato
906 3305 1071 3382 dictionis
1097 3310 1228 3386 atticae

25 3517 26 3520 Ἴ
122 3443 252 3508 ornatu
289 3432 426 3533 reliqua
458 3432 591 3523 emnia,
628 3461 719 3533 quae
751 3436 911 3512 caeteris
932 3437 1081 3514 Graecis
1114 3468 1228 3541 aeque

3 3583 6 3610 ¹
122 3564 375 3666 probabantur,
401 3564 617 3641 continebat.
669 3562 710 3640 Si
735 3566 797 3664 qui
817 3593 902 3670 erge
920 3569 1072 3669 posthac
1090 3572 1133 3642 ad
1158 3597 1229 3644 ma-

122 3697 238 3794 jorum
258 3695 404 3797 gloriam
429 3672 643 3796 dicendique
659 3707 886 3774 venustatem
903 3701 1226 3801 sublimitatemque

124 3851 166 3901 se
192 3828 368 3923 erigentes
395 3826 619 3926 eloquentiae
645 3829 766 3904 studio
793 3831 974 3919 ardebant,
996 3855 1115 3930 neque
1130 3843 1228 3909 vete-

125 3957 225 4032 ribus
252 3957 384 4030 Atticis
410 3958 597 4034 inferiores
621 3959 851 4048 videbantur,
881 3957 970 4034 haec
995 3961 1143 4064 singulis
1170 3966 1230 4059 de-

125 4089 277 4162 bebatur
302 4085 537 4186 scriptoribus
561 4089 650 4179 laus,
674 4115 748 4164 nou
773 4091 871 4192 genti
895 4098 1231 4195 atque'aetatiuni-

127 4245 262 4298 versae.
312 4217 559 4297 Veruntamen
582 4220 689 4296 insita
712 4219 770 4296 illa
793 4222 927 4325 ingenii
955 4228 1028 4318 vis,
1052 4227 1111 4302 illa
1135 4228 1232 4330 iuge
