2908 4914
257 259 369 314 xxxiv

262 429 421 531 singulae
445 425 665 528 provinciae,
695 421 762 498 sed
786 421 893 498 etiam
924 417 1139 522 singularum
1170 419 1375 518 provincia-

262 589 342 638 rum
366 559 488 661 partes
512 555 800 658 pronuntiatione
824 551 1000 626 differant
1053 550 1171 624 Tanta
1203 551 1375 628 nimirum

187 709 190 714 ’
263 693 444 768 hominnm
469 715 534 789 per
558 689 668 763 latum
693 697 865 761 terrarum
889 683 1014 754 orbem
1050 679 1286 756 habitantium
1319 683 1376 758 di·

265 825 416 904 versitas
443 831 509 911 eet,
534 830 575 894 ut
598 819 702 919 pauci
726 825 865 892 tantum
890 813 1117 890 inveniantur
1141 822 1180 888 et
1194 815 1375 915 ingeniosi
1429 811 1430 828 ¹

266 968 305 1032 et
327 954 518 1058 praecipue
543 950 587 1023 ad
612 949 703 1023 hanc
727 973 804 1022 rem
829 956 991 1022 enatura
1007 943 1101 1034 facti,
1124 942 1283 1044 quiviva
1299 973 1374 1047 mas

266 1085 371 1188 gistri
396 1107 486 1159 voce
512 1081 629 1155 edocti
657 1081 708 1154 ita
732 1079 999 1180 peregrinarum
1033 1073 1232 1178 linguarum
1261 1103 1373 1156 sonos

268 1215 399 1294 imitari
423 1214 547 1301 sciant,
572 1220 614 1286 ut
636 1209 780 1287 difficile
805 1210 855 1285 sit
877 1235 941 1284 eos
973 1209 1018 1282 ab
1041 1206 1217 1308 indigenis
1247 1209 1374 1284 distin·
1430 1261 1431 1268 κ

268 1371 387 1450 gnere.
436 1344 542 1445 Quae
568 1365 678 1443 qnurn
702 1343 753 1417 ita
777 1337 860 1432 sint,
884 1340 980 1414 nulla
1005 1339 1101 1414 salus
1132 1340 1282 1439 antiquo
1306 1342 1372 1416 lin-
1431 1400 1432 1444 p

269 1503 359 1580 guae
382 1475 543 1552 Graecae
567 1474 812 1576 pronuntiatni
827 1497 870 1548 ex
885 1472 995 1546 latino
1014 1495 1179 1546 sermone
1196 1473 1367 1570 speranda
1431 1473 1432 1500 ³

269 1619 338 1698 est,
361 1609 462 1705 cuiue
488 1607 705 1706 singularum
728 1604 924 1679 litterarum
949 1602 1101 1704 prolatio
1118 1610 1157 1676 et
1171 1601 1293 1703 ignota
1312 1603 1372 1680 ho-

269 1739 328 1812 die
353 1748 390 1810 et
414 1738 562 1835 antiqua
587 1759 675 1812 aevo
699 1737 769 1833 jam
794 1733 860 1807 alia
884 1732 962 1808 aliis
987 1733 1076 1808 locis
1094 1731 1236 1810 videtur
1252 1733 1371 1814 fuisse.
1432 1750 1433 1758 ’

269 1869 326 1944 Αο
349 1867 511 1968 proiecto
536 1887 777 1966 supervacuae
800 1864 898 1946 tales,
916 1875 1001 1940 sunt
1018 1872 1256 1965 quaestiones,
1278 1867 1372 1944 side

271 2023 398 2097 graeco
412 2023 576 2074 sermone
589 1991 713 2098 agitur,
722 1999 823 2096 cujus
836 1996 1370 2100 avitapronuutia'tioperomnia

270 2127 411 2204 saecula
423 2128 467 2201 ab
479 2127 540 2200 illo
552 2129 684 2227 populo
696 2136 835 2202 retenta
849 2135 915 2214 est,
927 2137 968 2201 ut
979 2137 1141 2205 accurata
1150 2139 1301 2208 veterum
1314 2131 1367 2201 in.
1433 2098 1434 2186 i

270 2255 503 2357 scriptionum
516 2258 826 2358 pervestigatione,
839 2259 1146 2357 grammaticorum
1156 2261 1366 2360 aliorumque

172 2387 176 2393 ’
270 2397 453 2463 auctorum
468 2387 683 2466 testimoniis
697 2398 735 2463 et
748 2388 905 2490 analogia
918 2387 1059 2490 linguae
1072 2391 1255 2470 evincitur.
1279 2393 1373 2469 Ana

269 2519 399 2622 logiam
412 2546 490 2596 earn
500 2521 592 2613 dico,
607 2547 770 2623 quaeper
777 2521 977 2598 universam
983 2523 1136 2626 linguam
1143 2535 1180 2600 et
1193 2501 1376 2624 antiquam

270 2653 548 2728 etrecantiorem
557 2664 665 2754 petet
682 2652 803 2752 Quam
814 2653 877 2754 qui
890 2659 1068 2754 cognitam
1079 2655 1189 2742 habet
1196 2657 1377 2755 simulque

270 2783 437 2856 diuturno
462 2782 711 2856 cumGraecis
732 2784 898 2860 convictu
918 2784 1179 2876 multorumque
1200 2805 1379 2857 annorum

271 2910 391 2984 studio
403 2911 440 2982 in
452 2909 613 3010 legendis
626 2911 782 3012 antiquis
797 2940 837 2988 ac
844 2915 1046 2989 recentibus
1054 2907 1272 2982 Graecorum
1285 2915 1377 2986 scri.

268 3040 431 3139 ptoribns
445 3041 618 3117 collocato
629 3069 743 3143 aeque
756 3055 948 3143 utrumque
960 3064 1158 3119 sermonem
1172 3038 1311 3116 discere
1322 3041 1376 3118 la-

160 3206 166 3218 ·
268 3171 423 3260 hortavit,
459 3174 518 3247 ille
548 3173 605 3249 his
637 3175 779 3250 Erasmi
810 3175 990 3249 erroribus
1019 3181 1189 3273 tanquam
1218 3173 1373 3252 vinculis

268 3299 407 3374 solutus
432 3310 470 3372 et
495 3303 597 3397 quasi
619 3304 658 3374 in
683 3303 883 3375 libertatern
906 3303 1124 3391 vindicatus,
1154 3313 1195 3375 ut
1223 3303 1374 3379 tandem

266 3403 457 3526 aliquando
481 3428 604 3503 fictitia
628 3431 717 3504 haec
741 3431 982 3532 pronuntiatio
1008 3457 1052 3541 ex
1074 3430 1237 3505 omnibus
1254 3431 1374 3507 Euro-

265 3585 333 3660 pae
358 3555 490 3635 scholis
516 3570 553 3637 et
575 3561 779 3640 Academiis
805 3562 952 3656 exsulet,
976 3564 1147 3640 bonarum
1171 3561 1371 3640 litterarum

266 3717 372 3769 causa
396 3691 505 3766 debet
529 3703 663 3793 optare.

409 3815 621 3917 Post'haec,
655 3852 747 3927 quae
777 3828 972 3925 generatim
986 3891 987 3896 ,
1003 3825 1048 3901 de
1074 3826 1255 3928 conjuncti
1279 3827 1369 3902 anti.

264 3975 355 4050 quae
381 3962 418 4026 et
440 3979 555 4033 nuvae
586 3957 799 4034 Graecitatis
831 3959 940 4036 studii
970 3959 1124 4035 utilitate
1154 3985 1196 4035 ac
1227 3961 1273 4034 de
1302 3958 1367 4032 lin-

262 4107 352 4182 guae
387 4109 533 4183 graecae
568 4073 856 4186 pronuntiatione
881 4089 969 4184 dixi,
1005 4102 1152 4178 transeo
1187 4091 1233 4166 ad
1269 4099 1366 4165 certa
1399 4139 1405 4146 -

259 4213 472 4314 scriptorum
496 4241 637 4320 genera,
662 4223 824 4327 adunus
849 4249 930 4306 cnm
953 4225 1071 4304 fructu
1107 4233 1145 4300 et
1169 4225 1248 4300 sine
1273 4221 1364 4298 dissi-
