2860 4870
1124 267 1192 344 191

166 509 169 514 Δ
216 453 259 517 V.
282 451 359 520 978.
404 445 615 532 ἆναίβαιναν,
635 447 851 536 καναίβαιναν
871 455 1064 547 Imperfeota
1084 469 1194 532 verbo.

86 598 156 640 rum
177 567 357 656 αἰναιβαίνω
379 587 412 639 et
432 567 638 655 κακαιβαίνω,
663 596 743 659 quae
765 581 801 644 in
822 581 947 667 piebeja
969 584 1120 668 loquendi
1141 610 1193 655 ra·

83 701 172 763 tione
195 719 254 784 pro
276 689 443 776 ἀναβαίνω
465 712 498 763 et
519 690 704 778 καταβαίνω
720 703 838 766 usitata
853 718 937 768 sunt.
961 707 1082 774 Eodem
1098 714 1192 778 modo

79 827 151 904 jam
175 821 380 901 antiquorum
402 834 518 906 poetae
539 814 749 901 καταιβασίαι,
771 817 973 908 καιαίβασις,
1001 822 1193 912 καταιβάτης

85 962 145 1029 pro
166 911 364 1021 κακαβασία,
384 933 563 1022 κατάβασις
584 932 765 1025 καταβάιης
786 947 948 1012 dixerunt.
987 985 1030 998 --
1061 953 1194 1028 ὃεΐχναν

86 1064 213 1150 Imperi.
237 1067 323 1129 verbi
345 1057 471 1146 δείχνω,
495 1069 617 1150 dequo
641 1069 773 1134 loeutus
786 1091 857 1134 sum
879 1073 921 1136 od
944 1093 1024 1139 vers.
1050 1075 1124 1143 100.
1148 1103 1192 1128 -’

84 1173 226 1281 ἀνδρειάῖ
250 1208 308 1273 per
329 1191 493 1272 synizesin
516 1203 550 1253 et
572 1212 736 1278 apocopen
758 1214 817 1279 pro
839 1187 996 1277 ἀνδρείαν.

171 1274 260 1371 “v.
283 1307 359 1374 uro.
406 1304 522 1382 tutae
544 1314 563 1377 ι.
588 1336 615 1376 0.
641 1303 727 1390 zeta,
750 1314 789 1377 α.
813 1317 885 1381 ιιι.
908 1320 951 1384 ιι
971 1341 1053 1386 vers.
1076 1297 1129 1390 rs.

218 1429 261 1492 V.
285 1428 360 1495 980.
408 1421 560 1522 ε’κοίβειον
580 1433 702 1522 dpers.
718 1439 802 1522 sing.
827 1441 950 1526 imperi.
971 1445 1059 1508 verbi
1080 1466 1190 1510 reeen-

82 1552 177 1622 tioris
204 1541 352 1632 κοίὲομαι
378 1552 478 1618 sedeo
507 1578 549 1619 ex
577 1559 710 1640 antiquo
739 1553 917 1643 καθίζομαι
945 1567 1087 1630 breviati
1137 1569 1190 1634 Do

80 1676 218 1738 barbara
246 1676 426 1759 adjectione
454 1677 582 1742 litterae
609 1701 646 1757 ν,
673 1701 736 1762 qua
764 1673 933 1764 ἐκάὲειον,
961 1687 1029 1752 non
1056 1679 1191 1762 ε’κάβειο

79 1799 221 1883 scriptor
243 1798 336 1878 dixit,
361 1801 400 1862 oi.
424 1819 504 1882 quae
526 1803 732 1888 exposuimus
752 1807 900 1876 advers.
927 1807 1001 1875 193.

214 1917 258 1980 V.
281 1917 357 1985 981.
401 1911 488 1981 καλοὶ
517 1925 538 1987 i.
562 1946 588 1990 o.
611 1923 725 1996 καλῶς.
769 1963 814 1988 .-
858 1927 920 1992 τῶν
946 1922 1098 2014 ἁρμάτων
1125 1937 1188 2002 vid.

81 2044 205 2105 observ·
229 2042 270 2103 od
292 2063 373 2105 vers.
397 2041 480 2110 991.Ι
512 2118 525 2127 p
545 2039 553 2074 ³

215 2161 258 2224 V.
281 2161 356 2228 989.
400 2159 506 2246 μέλλει
538 2161 582 2229 voi
613 2163 692 2252 γίνῃ
731 2173 872 2238 futurum
906 2177 1187 2265 peripirrostioum.

79 2285 140 2348 Est
154 2297 260 2348 autem
280 2279 359 2369 γίνῃ
375 2285 395 2352 3
410 2309 496 2375 pers.
514 2292 598 2376 sing.
619 2307 686 2356 aor.
711 2299 794 2379 oonj.
817 2299 906 2363 verbi
921 2291 1060 2383 γίνομαι.

211 2407 254 2471 V.
279 2407 355 2473 983.
400 2409 495 2490 sog&
517 2413 658 2497 explicui
680 2417 723 2478 ad
745 2437 825 2480 vers.
848 2418 901 2482 95.
920 2455 959 2470 -
984 2416 1188 2506 dyptmpe'nor,

81 2530 212 2608 antique
228 2521 426 2606 ἠγριωμένοι.

216 2646 258 2709 V.
280 2644 356 2708 981.
401 2637 505 2728 ὥσπερ
526 2638 598 2719 voit,-
619 2642 775 2732 γίγαινες.
824 2653 898 2718 Vid.
921 2678 1021 2744 supra
1042 2664 1084 2728 ad
1106 2687 1188 2733 vers.

86 2767 159 2831 170,
183 2802 227 2814 -
248 2760 350 2844 dmodv
371 2770 393 2831 i.
417 2793 443 2834 e.
466 2762 592 2846 ἠχοῦσι.
629 2807 673 2820 -
705 2767 785 2836 ὀποῦ
804 2768 881 2840 ’σαν
900 2781 923 2845 1.
947 2804 974 2846 e.
998 2775 1078 2870 duod
1096 2773 1189 2865 ἦσαν.

82 2925 125 2936 --
149 2882 347 2970 βηριωμέυοι,
370 2894 501 2975 antique
522 2890 748 2978 τιθηριωμείιοι,
858 2911 863 2921 “

213 3013 255 3077 V.
280 3013 354 3080 986.
400 3007 528 3076 (ἐπαίνου
561 3017 614 3080 hio
648 3031 779 3116 proptor
812 3022 877 3089 loci
910 3029 1069 3096 rationem
1097 3037 1188 3102 reddi
1296 3096 1299 3104 ,

78 3147 185 3223 potest
207 3134 390 3218 adversus,
412 3139 460 3200 sio
483 3149 515 3200 et
537 3139 623 3203 intra
645 3162 738 3205 versu
761 3141 842 3223 4043
870 3150 927 3214 sed
956 3155 1030 3234 quid
1057 3161 1188 3247 proprie

78 3259 135 3336 sit,
159 3258 228 3321 dixi
250 3259 291 3321 ad
315 3278 395 3321 vers.
422 3257 495 3324 190.

213 3379 256 3442 V.
281 3378 355 3446 987.
401 3372 539 3464 γεμάιος
563 3381 703 3472 plenus,
729 3385 895 3479 refertus,
917 3399 1109 3484 adjectivum
1131 3409 1185 3470 ad.

78 3503 149 3566 dito
170 3502 274 3567 latina
296 3506 458 3590 positione
474 3511 519 3578 ab
540 3511 746 3592 antiquorum
760 3518 855 3579 verbo
873 3513 984 3597 νέμειν
998 3523 1185 3589 derivatum.

81 3625 130 3688 Ci.
156 3626 231 3689 adn.
255 3625 297 3688 od
318 3645 400 3688 vers.
423 3625 476 3689 65.
499 3661 542 3674 -
564 3622 694 3709 rovpiov
715 3651 824 3695 rarum
843 3636 1070 3703 deminutivum
1086 3650 1186 3710 nomi.

77 3748 132 3809 nis
154 3743 277 3825 ταῦρος,
300 3764 491 3828 quamquam
513 3768 581 3813 non
602 3771 663 3836 pro
685 3751 834 3830 tornulo,
856 3759 913 3821 sed
935 3781 994 3846 pro
1017 3771 1120 3828 tauro
1135 3789 1187 3832 ao-

79 3866 275 3954 oipiendum.
321 3867 396 3932 Vid.
421 3873 542 3934 observ.
567 3873 608 3936 ad
631 3894 712 3937 vers.
736 3873 767 3939 6.

214 3984 257 4047 V.
281 3984 357 4050 989.
401 3983 486 4068 §ord
507 3992 685 4076 vulgariter
706 4016 767 4082 pro
790 3991 900 4078 ἐρωιιό.
936 4001 1017 4070 Alia
1039 4014 1187 4099 exempla

78 4109 151 4174 vide
182 4109 218 4172 in
245 4107 395 4192 Durang.
419 4111 524 4176 Gloss.
548 4115 631 4176 mod.
659 4126 694 4179 et
714 4117 771 4181 int
795 4140 843 4204 gr.
868 4123 959 4191 Tom.
979 4128 1013 4194 ΙΙ
1033 4153 1064 4219 p.
1090 4133 1185 4200 tart

81 4265 126 4277 -
145 4223 227 4293 ’πίνε
247 4231 268 4298 i.
292 4251 320 4296 e.
343 4223 449 4294 είπίιε.
493 4232 542 4300 ct.
564 4225 702 4323 Dialogi¹
719 4260 801 4307 vers.
826 4241 877 4310 11.
