2870 4874
247 279 296 352 58

245 493 302 546 rac
328 472 414 538 nibil
443 471 554 552 babet,
584 457 624 535 in'
648 488 710 552 quo
740 469 900 534 offendere
928 470 1045 553 aliquis
1067 470 1178 556 possit.
1222 463 1363 530 Etenim
1410 515 1412 600 ⁴

241 603 313 684 jam
334 593 515 684 Sophocles
537 591 678 658 Philoct
702 612 781 657 vers.
811 591 905 657 1030.
933 614 962 679 p.
986 592 1036 658 78.
1060 594 1098 657 ed
1121 595 1197 675 maj.
1220 589 1362 654 Erfurdt
1411 613 1412 638 ÷

834 707 908 774 εἶδ’
934 702 1023 794 about
1048 701 1202 783 ὀλωλότας

379 830 516 916 τούτους,
537 831 656 917 dmmipc’
681 825 725 898 ἂν
745 835 797 913 τῆς
817 828 916 898 νόσου
940 831 1131 918 πεφευγέναι

248 985 308 1052 pro
335 953 391 1039 nio
416 953 513 1022 νόσον
538 963 720 1047 usurpavit,
738 943 829 1042 ‘quae
851 971 960 1024 tamen
977 963 1131 1042 junctura
1157 959 1249 1022 etin
1272 962 1359 1026 anti-
1412 1027 1413 1052 p

249 1106 383 1168 quorum
405 1085 497 1149 libris
520 1103 595 1147 rara
617 1095 674 1148 est.
724 1084 843 1148 Eadem
872 1081 1023 1165 analogia
1051 1091 1100 1145 est
1129 1083 1165 1145 iu
1192 1083 1299 1146 verbis
1322 1074 1356 1143 νὸ
1412 1053 1413 1112 l

248 1205 311 1276 πῶς
332 1196 373 1265 ool
396 1203 447 1280 τῆς
468 1195 632 1286 proraiam,
654 1226 735 1288 quae
757 1227 849 1270 versu
872 1203 924 1269 91.
946 1204 1106 1288 leguntur.
1158 1204 1217 1269 Est
1245 1218 1352 1270 autem

248 1319 377 1411 ἠγάπα
398 1338 432 1391 et
452 1321 469 1386 ὁ
492 1321 590 1409 γάνος
611 1350 698 1393 nunc
720 1331 803 1416 apud
827 1329 968 1392 Graecos
981 1323 1089 1415 felis,
1116 1336 1232 1401 cottas,
1258 1348 1355 1410 quam
1413 1339 1414 1402 Ῑ

248 1473 358 1518 vocem
380 1451 517 1516 latinam
539 1473 621 1533 esse,
644 1473 710 1518 non
734 1465 793 1532 est,
817 1454 898 1534 quod
921 1470 1077 1530 moneam.
1105 1486 1149 1497 -
1171 1437 1260 1525 livore
1282 1473 1355 1517 cum

250 1599 270 1636 ν
292 1569 504 1654 ε’φελκυσνικῷ
526 1588 558 1639 et
580 1597 595 1634 ε
617 1578 812 1661 paragogico
834 1596 892 1662 pro
916 1558 970 1648 tiro
992 1575 1012 1638 'a
1037 1594 1063 1636 e.
1087 1559 1135 1646 ἦν.

382 1696 423 1758 V.
449 1696 498 1760 15.
540 1695 593 1759 De
628 1685 813 1771 ἐκανῆννησε
845 1695 1014 1781 dupliciter
1047 1707 1142 1758 aucto
1172 1697 1243 1760 vide
1273 1718 1354 1780 quae

250 1820 486 1886 observavimus
517 1819 559 1882 ad
586 1819 709 1903 dialogi
744 1838 823 1882 vers.
853 1818 881 1898 7,
933 1853 971 1864 —
1017 1808 1071 1893 τὴν
1098 1811 1202 1898 δίψαν
1228 1838 1285 1880 νου
1310 1810 1355 1880 vol

247 1934 364 2024 ’βγάλη
387 1943 409 2006 1.
431 1964 459 2004 e.
488 1931 542 2016 τὴν
569 1934 669 2019 δίψαν
696 1935 797 2003 αὑτοῦ
823 1932 866 2000 urit
894 1931 1019 2023 ἐκβάλῃ.
1074 1938 1214 2028 Saepius
1236 1943 1355 2006 scilicit
1415 2017 1416 2020 Ἴ

248 2070 291 2140 κβ
314 2066 350 2126 in
372 2072 417 2144 βγ
439 2076 596 2144 mutatur3
625 2067 714 2129 verbi
744 2086 840 2130 causa
863 2067 897 2128 in
921 2057 1059 2146 ἒβγαίνω
1081 2062 1140 2152 pro
1162 2059 1299 2143 ἐνβαίνω
1322 2077 1355 2130 et
1415 2031 1416 2114 l

250 2177 376 2263 ἒβγάζω
397 2205 456 2269 pro
480 2175 603 2262 ἒνβάξω
626 2184 744 2264 (tollo)
767 2187 850 2250 idem
875 2188 1080 2274 conspicitur.

382 2302 423 2364 V.
449 2301 497 2366 16.
542 2296 675 2385 πηγούνι
702 2309 827 2390 abjecta
851 2310 1082 2375 terminatione
1105 2308 1160 2398 pro
1182 2301 1355 2389 πηγούνιον

250 2427 481 2492 deminutivum
503 2438 553 2490 est
575 2427 726 2493 dictionis
747 2419 863 2513 πώγων
885 2453 926 2495 ex
947 2421 1110 2516 πωγώνιον
1136 2443 1244 2496 ortum.
1287 2429 1351 2493 Ni-

250 2550 300 2616 hil
322 2549 527 2615 memorabile
550 2563 599 2616 est
620 2551 657 2615 in
679 2575 714 2629 ω,
736 2556 820 2636 quod
842 2558 973 2622 transiit
995 2560 1030 2623 in
1051 2581 1092 2619 ον
1115 2553 1353 2638 (ci.advers.1.
1416 2555 1417 2636 l

249 2675 403 2761 dialogi);
425 2675 463 2738 in
485 2676 661 2739 rarioribus
683 2689 791 2742 autem
814 2683 971 2768 exemplis
990 2682 1247 2768 numerandum,
1270 2679 1357 2760 quod
1416 2671 1417 2730 ἶ

251 2799 306 2862 hic
327 2821 353 2858 ω
375 2807 408 2860 ct
428 2818 447 2870 η
471 2796 645 2878 alternant,
676 2802 760 2865 sicut
782 2804 867 2889 apud
889 2812 1008 2864 veteres
1038 2795 1175 2864 Μαιῶτις
1197 2811 1230 2859 et
1252 2798 1360 2881 Μαιῆ.

137 3009 142 3014 ¹
250 2939 309 2999 rec,
338 2910 471 2978 πνῶσσω
500 2929 532 2983 ct
559 2911 693 2996 πτήσσω.
744 2921 794 2982 01.
823 2919 954 2982 Fischer
981 2916 1022 2978 ad
1051 2915 1154 2980 Well.
1183 2938 1212 3003 p.
1237 2915 1289 2982 85.
1320 2937 1361 2988 et

250 3040 453 3128 Wesseling.
482 3043 525 3108 ml
552 3044 704 3110 Herodot.
726 3041 805 3120 IX,
834 3039 885 3104 31.
906 3061 935 3127 p.
959 3037 1050 3120 7⁰7„
1080 3037 1131 3104 70.
1181 3039 1255 3104 Etsi
1275 3062 1359 3108 vero

250 3153 413 3248 πωγώνιον
446 3169 484 3231 in
517 3171 649 3251 antiqua
681 3168 793 3250 lingua
824 3159 1007 3228 barbulam
1039 3165 1204 3250 designat,
1245 3175 1359 3228 tamen

251 3289 335 3373 apud
358 3291 553 3353 recentiores
576 3291 641 3354 alia
663 3298 820 3377 potestate
842 3299 974 3374 accepta
996 3269 1140 3352 reveritum
1163 3301 1219 3350 est.
1248 3321 1292 3332 -·
1321 3277 1358 3346 cd

250 3402 349 3488 ’βρεξε
371 3408 392 3469 i·
414 3427 439 3468 e·
462 3400 496 3466 τὸ
519 3396 631 3487 ἔβρεξε.
675 3413 726 3476 De
748 3410 958 3475 inclinatione
979 3407 1075 3490 hujus
1103 3408 1190 3468 verbi
1213 3407 1274 3468 vid.
1297 3429 1358 3474 no-

253 3544 322 3600 tata
345 3531 385 3595 ad
407 3529 529 3616 dialogi
548 3552 626 3595 vers.
652 3533 680 3596 1.
705 3571 746 3583 -
776 3526 816 3615 pl
831 3554 910 3612 ¹cum
931 3529 1111 3596 accusativo
1139 3531 1174 3591 in
1203 3529 1357 3594 citeriore

253 3657 428 3741 graecitate
462 3657 649 3739 aequiparat
683 3659 955 3744 praepositionem
986 3640 1066 3733 perd
1107 3672 1177 3716 eum
1212 3653 1354 3733 genitivo

253 3782 337 3863 apud
371 3790 495 3842 veteres
522 3787 747 3841 constructam.
799 3777 865 3840 Sed
899 3776 984 3838 nihil
1016 3774 1103 3837 aliud
1139 3786 1188 3837 est
1216 3773 1278 3838 hoc
1304 3767 1354 3854 μὲ,

253 3899 319 3962 nisi
352 3901 458 3984 ipsum
490 3890 567 3980 perd
603 3899 779 3984 posteriore
812 3897 937 3978 syllaba
971 3900 1138 3985 privatum.
1184 3900 1293 3976 Quare
1325 3911 1356 3961 et

254 4019 338 4104 apud
361 4019 563 4087 Demetrium
585 4024 709 4088 Zenum
731 4032 762 4083 et
785 4021 869 4106 apud
897 4021 979 4086 alios
1009 4024 1150 4107 ejusdcm
1179 4035 1214 4090 et
1238 4023 1355 4106 prioris

256 4141 330 4234 aevi
355 4144 527 4226 scriptores
562 4150 671 4212 eodem
703 4144 889 4228 significatu
922 4149 1020 4212 etiam
1052 4137 1132 4226 μετὰ
1159 4145 1354 4209 Accusativo

248 4269 396 4350 -juuctum
413 4264 646 4350 trequentatur,
670 4282 704 4333 ut
726 4269 812 4333 inira
833 4271 1016 4336 videbimus.
1067 4271 1158 4344 Quae
1187 4285 1282 4347 quum
1310 4266 1355 4328 ita
