2908 4914
257 489 445 570 Graeciam
470 518 491 568 a
515 489 745 569 barbarorum
768 491 853 594 ju'go
878 486 1066 569 liberatum·
1087 492 1141 591 iri,
1166 515 1277 593 quum
1300 493 1360 572 bo-

258 635 351 702 stem
363 648 436 700 non
449 623 567 700 minus
578 632 776 725 potentem,
792 622 1038 725 ignorantiam,
1049 595 1205 702 vicisset
1230 623 1360 726 Quam-

258 755 382 832 obrem
406 753 549 832 scholas
574 766 613 832 et
637 755 821 856 gymnasia
844 755 882 830 in
905 755 1013 834 variis
1039 735 1180 858 oppidio
1199 757 1362 834 condide-

257 897 343 964 runt
367 885 491 966 accitis
517 883 759 963 celeberrimis
777 885 981 987 quibusque
998 888 1276 964 etdoctissimis
1294 916 1363 964 ma-

259 1018 391 1122 gistris.
441 1015 630 1118 Quaeres
656 1027 827 1117 quantum
850 1016 1001 1096 valuerit
1031 1018 1077 1094 ad
1102 1019 1263 1095 Graecos
1288 1047 1362 1096 eru-

209 1136 214 1146 ⁴
258 1147 411 1225 diendos
437 1147 593 1232 dicirit
617 1157 748 1252 potest
784 1147 894 1224 Multi
911 1149 1006 1228 euim
1022 1158 1096 1226 tam
1113 1150 1243 1252 ligatae
1260 1179 1364 1253 quam

257 1281 398 1358 solutae
423 1281 595 1358 orationis
617 1279 814 1382 scriptores
847 1307 891 1356 ex
921 1306 966 1358 eo
996 1291 1159 1384 tempore
1188 1286 1259 1382 jam
1288 1285 1365 1362 bar-

258 1413 355 1490 baris
379 1412 528 1494 vocibus
554 1413 804 1490 abstinuerunt
827 1412 978 1515 perenni
1000 1412 1061 1490 illo
1092 1424 1131 1490 et
1154 1413 1364 1496 inexhausto

259 1545 345 1624 aviti
370 1543 545 1620 sermonis
570 1543 669 1622 lente
691 1561 808 1624 no'vos
832 1543 995 1622 hortulos
1019 1544 1217 1646 irrigantes
1243 1547 1366 1648 Quare

260 1675 436 1773 quidquid
460 1702 588 1758 recens
613 1687 712 1752 aetas
737 1675 960 1775 excogitavit,
983 1673 1141 1775 antiquis
1163 1678 1363 1754 nominibus

258 1805 351 1882 scite
376 1803 608 1904 appellarunt,
632 1831 725 1885 nova
751 1805 855 1882 etiam
873 1806 1051 1908 fingentes
1068 1787 1248 1900 rocabula,
1271 1835 1360 1908 qnae

257 1962 306 2014 nc
331 1951 492 2013 summos
518 1936 661 2038 quidem
686 1938 909 2039 antiquitatis
935 1919 1095 2016 oratores
1120 1950 1182 2017 ant
1209 1939 1363 2042 pbiloso-

259 2069 363 2171 pbos,
388 2069 421 2144 si
444 2069 643 2160 novissent,
667 2070 917 2172 repudiaturus
942 2071 1055 2148 fuisse
1086 2072 1269 2174 probabile
1299 2083 1366 2151 cst

258 2198 346 2278 Non
369 2208 491 2274 tamen
515 2178 636 2275 cuncti
660 2201 810 2276 eandem
834 2202 928 2280 viam
959 2203 999 2278 in
1023 2202 1214 2288 excolenda
1246 2204 1368 2306 lingua

258 2307 414 2430 ingressi
438 2338 532 2406 sunt
581 2329 655 2410 Alii
678 2333 851 2432 majorum
874 2331 1030 2436 lingnam
1055 2336 1107 2414 sic
1132 2347 1303 2427 amarunt,
1327 2347 1369 2411 ut

258 2487 346 2563 prae
375 2461 443 2546 bac
474 2461 591 2564 plebis
621 2488 824 2542 sermonem
855 2479 1077 2568 spernerent.
1133 2468 1297 2570 Quorum
1327 2469 1367 2538 in

258 2620 419 2690 numero,
445 2605 486 2674 ut
509 2597 609 2708 elios,
634 2597 804 2700 quiante
829 2625 910 2677 eum
934 2599 1109 2692 vixerunt,
1132 2609 1277 2686 taceam,
1302 2621 1369 2670 no-

259 2739 337 2808 stro
362 2736 468 2806 etiam
493 2732 638 2847 saeculo
661 2731 878 2828 Neophytos
903 2734 1026 2804 Ducas
1050 2734 1131 2812 suit,
1157 2731 1264 2802 editis
1291 2753 1371 2800 ora-

258 2861 397 2936 toribus
422 2857 566 2944 Atticis,
591 2853 803 2951 Thucydide
828 2855 978 2948 aliisque
1003 2848 1206 2921 auctoribus
1237 2847 1369 2926 clarus.

260 2988 333 3066 Alii
373 2984 554 3085 vulgarem
592 2981 821 3082 graecitatem
851 2979 930 3050 sine
960 2975 1032 3050 ulla
1062 2973 1137 3051 fere
1167 2981 1368 3058 mutatione

259 3117 459 3195 scribendis
485 3111 698 3192 carminibus
725 3111 913 3208 omnisque
938 3106 1078 3208 generis
1094 3105 1196 3186 libris
1218 3112 1264 3188 ad
1286 3139 1368 3188 rem

259 3251 466 3328 litterariam
506 3241 752 3346 spectantibus
794 3249 913 3342 aptam
950 3265 1033 3316 esse
1068 3241 1230 3318 arbitrati
1267 3256 1366 3321 sunt

259 3383 388 3480 ltaque
412 3385 540 3480 poetae
565 3373 725 3450 nonnulli
749 3384 787 3450 et
810 3372 990 3475 pedestris
1015 3371 1188 3452 orationis
1213 3376 1367 3478 seripto-
1417 3411 1418 3471 p

259 3538 320 3589 res
345 3509 569 3598 exstiterunt,
595 3506 658 3608 qui
681 3533 728 3582 ne
752 3518 995 3585 transversum
1015 3506 1160 3608 quidem
1177 3508 1368 3610 digituma

259 3642 356 3743 vulgi
386 3637 645 3717 consuetudine
676 3636 912 3718 discederent.
967 3639 1066 3718 Talis
1097 3640 1180 3734 suit,
1210 3639 1273 3739 qui
1305 3665 1370 3713 ex·
1415 3632 1417 3752 l

260 3780 368 3849 eunte
393 3770 536 3853 sacculo
561 3763 747 3872 superiore
777 3783 815 3850 et
842 3773 948 3873 hujus
982 3770 1115 3849 saeculi
1143 3771 1246 3846 initio
1275 3770 1370 3848 vixit
1416 3757 1417 3802 l

259 3903 478 3984 Athanasius
504 3905 770 4010 Christopulns,
792 3902 964 4006 praeclari
985 3902 1119 4006 ingenii
1141 3902 1206 3994 vir,
1231 3903 1293 4003 qni
1310 3929 1370 3978 re-

260 4038 430 4114 centioris
456 4035 628 4114 Graeciae
652 4039 843 4114 Anacreon
866 4035 993 4111 merito
1018 4045 1251 4138 nuncupatur.
1281 4033 1369 4125 Alii,
1415 4073 1416 4090 κ

261 4174 405 4271 rejectis
420 4169 610 4249 ¹vocabulis
636 4172 860 4248 extrinsecus
890 4167 1015 4260 allatis,
1028 4197 1031 4204 ·
1046 4193 1124 4244 eam
1150 4190 1242 4266 quae
1265 4189 1368 4238 nunc

259 4303 301 4382 in
323 4303 447 4407 populi
471 4327 533 4382 ore
558 4312 616 4382 est
639 4302 795 4409 linguam
819 4311 857 4380 et
879 4299 1111 4403 loquentibus
1143 4305 1182 4373 et
1204 4295 1369 4372 scriben-

1262 4426 1366 4502 tibus
