2908 4914
1119 255 1180 301 xxl

69 448 194 524 gerere
218 445 375 522 possem,
401 445 494 522 quae
518 428 648 518 sponte
673 420 881 496 recentioris
905 421 1048 522 linguae
1066 448 1175 522 gnaro

71 582 111 630 se
136 555 300 645 offerunt,
327 553 391 630 sed
418 552 532 626 satius
559 575 640 626 esse
665 552 776 641 duco,
799 552 837 626 in
862 552 940 628 aliis
964 553 1064 628 libris
1091 552 1174 630 ube·

68 689 143 764 rius
167 674 260 762 h'anc
285 686 471 758 materiam
500 692 663 758 tractare.
720 684 814 758 Hinc
843 694 943 785 patet
972 686 1017 760 ad
1048 685 1175 786 dijudi-

67 818 221 894 candum
258 826 420 892 veterum
456 815 671 912 scriptorum
709 816 880 889 orationis
913 803 1072 892 habitam
1102 817 1174 892 sin-

68 951 254 1048 gulasque,
280 971 368 1048 quas
394 955 541 1047 ponunt,
566 971 674 1022 voces
700 946 889 1047 plurimum
908 971 976 1021 nos
994 971 1038 1020 ex
1053 973 1175 1022 recen-
1281 975 1284 984 ’

66 1083 197 1172 tiorum
229 1080 448 1155 Graecorum
483 1103 649 1154 sermone
680 1077 854 1180 prolicere
883 1105 1003 1179 posse.
1063 1078 1175 1180 Quod

64 1239 151 1290 vero
176 1238 285 1312 supra
311 1212 395 1303 dixi,
417 1211 667 1312 antiquissima
690 1211 862 1300 vocabula
892 1212 929 1286 in
953 1211 1091 1311 plebeia
1122 1210 1173 1286 lo·

65 1345 201 1446 quendi
218 1345 477 1420 consuetudine
494 1343 538 1418 ad
555 1355 714 1420 nostram
733 1345 938 1420 memoriam
955 1344 1173 1446 pervenisse,

63 1477 101 1554 id
129 1503 290 1578 magnam
318 1496 570 1572 nonnunquam
588 1475 869 1549 admirationem
900 1486 1029 1550 movet.
1078 1475 1174 1550 Con·
1223 1495 1228 1502 '

66 1619 150 1700 stat,
162 1609 200 1685 in
212 1607 406 1689 mullorum
417 1605 631 1708 populorum
648 1606 777 1704 linguis
791 1606 939 1705 reperiri
955 1629 1086 1678 nomen
1097 1607 1175 1686 βυ-

65 1740 200 1844 γάτηρ,
215 1741 313 1840 qnod
335 1738 549 1816 simillimum
569 1747 628 1813 est
639 1737 854 1814 Germanico
869 1735 1091 1837 Persieoqne
1109 1762 1173 1811 no-

64 1873 154 1948 mini
167 1873 326 1971 ejusdem
340 1870 572 1970 significatus.
607 1871 721 1968 Atqui
734 1869 846 1942 lorma
858 1869 947 1944 haee
959 1869 1172 1969 longiorem,

68 2029 176 2103 quam
202 2012 243 2074 ut
266 2001 445 2100 primitiva
470 2025 552 2076 esse
578 2009 695 2097 queat„
747 1998 879 2074 Nullus
908 2024 995 2074 vero
1020 1995 1184 2097 populus

65 2131 318 2234 simpliciorem
344 2129 491 2204 sormam
516 2129 680 2219 retinuit,
704 2155 812 2229 quam
837 2127 1013 2204 Graecum
1044 2127 1173 2230 vulgus

65 2266 149 2342 Chii
174 2264 392 2364 aliarumque
416 2261 610 2338 insularum
635 2261 743 2337 maris
765 2263 910 2362 Aegaei,
937 2261 997 2336 ubi
1013 2287 1079 2363 pro
1096 2264 1173 2343 βυ-
1222 2256 1233 2269 ’

64 2398 186 2502 priapo
211 2395 313 2472 audis
338 2393 380 2472 τὸ
404 2392 544 2499 ἓύγος.
593 2394 725 2495 Neque
755 2421 842 2472 vero
874 2421 1090 2495 quemquam
1121 2393 1173 2467 di-

66 2543 207 2606 cturum
239 2537 346 2627 puto,
382 2525 513 2626 «θύγος
542 2526 755 2625 posterioris
787 2527 866 2600 aevi
894 2525 1042 2598 fomlam
1081 2551 1172 2600 esse.

64 2661 160 2736 Nam
189 2657 251 2753 qui
274 2657 368 2726 bene
392 2664 526 2726 norunt
551 2676 698 2750 graecae
714 2653 855 2748 linguae
878 2652 986 2750 leges,
1010 2653 1174 2724 substan·

67 2790 139 2865 tiva
165 2793 290 2858 neutra
315 2781 353 2856 in
378 2811 420 2870 oq
442 2779 652 2870 desinentia,
679 2807 770 2881 quae
789 2781 906 2856 omnia
925 2781 1173 2882 antiquissima

66 2929 161 3010 sunt,
179 2944 199 2991 a
215 2913 433 3016 longioribus
448 2912 682 2990 substantivis
695 2911 824 2988 deduci
836 2939 908 2988 non
921 2939 1032 3015 posse
1044 2913 1172 2991 sciunt.

109 3043 114 3051 ⁸
211 3048 263 3124 At
286 3073 332 3120 ne
359 3045 439 3145 quis
457 3054 570 3144 putet,
586 3047 820 3120 recentiorem
837 3044 992 3147 linguam
1010 3073 1083 3120 non
1099 3075 1172 3122 ma·

67 3184 121 3286 gis
147 3177 335 3254 commodo
361 3203 467 3276 quam
492 3176 621 3250 damno
637 3202 720 3252 esse
736 3177 967 3267 discentibus,
985 3202 1077 3279 opus
1094 3177 1170 3253 lore

65 3312 231 3390 existimo
249 3308 338 3384 haec
353 3308 408 3399 iis,
425 3335 516 3408 quae
535 3307 698 3401 diximus,
715 3310 854 3388 addere.
878 3309 1010 3386 Omnia
1031 3310 1169 3386 citerio-

63 3448 116 3522 ris
127 3444 346 3520 Graecorum
362 3441 502 3541 linguae
520 3442 692 3518 vocabula
707 3443 765 3520 vel
782 3443 948 3546 leguntur
960 3443 1052 3544 apud
1071 3454 1168 3520 vete·

65 3603 136 3666 res,
152 3575 210 3652 vel
229 3601 303 3648 non
319 3573 494 3674 leguntur.
519 3572 577 3648 Ex
586 3573 644 3664 iis,
662 3601 754 3675 quae
769 3573 936 3678 leguntur
951 3575 989 3648 in
1006 3572 1168 3671 antiquo-

63 3735 142 3786 rum
161 3707 272 3795 libris,
287 3705 437 3806 plurima
454 3706 603 3781 eandem
617 3707 690 3784 vim
707 3707 932 3807 eundemque
945 3732 1050 3782 usum
1063 3704 1168 3777 etiam

64 3864 161 3915 nunc
178 3838 319 3927 habent,
342 3837 407 3911 alia
432 3864 519 3916 vero
544 3839 821 3938 significationes
846 3837 1019 3936 quasdam
1044 3835 1168 3910 amise-

63 3980 150 4047 runt
165 3966 223 4045 vel
241 3991 351 4041 novas
368 3969 534 4045 videntur
550 3971 743 4070 accepisse.
784 3969 859 4044 Sed
875 3993 989 4043 novae
1005 3968 1096 4044 istae
1121 3970 1168 4044 si-

66 4100 312 4204 gnificationes
327 4099 396 4195 jam
411 4101 544 4212 passim
557 4101 744 4178 exstantin
755 4100 891 4174 mediae
906 4104 1032 4178 aetatis
1046 4128 1168 4176 monar-

66 4233 214 4323 mentis,
245 4256 460 4331 quamquam
491 4257 662 4330 persaepe
692 4231 730 4304 in
759 4232 881 4310 lexicis
911 4233 1167 4312 desiderantur.
