2860 4870
1109 331 1179 404 115

72 514 120 578 bis
138 491 172 574 ’κι
196 502 310 587 dictito
332 504 374 573 νὰ
396 505 467 582 τοὺς
489 501 625 592 adpone
649 517 733 596 conj.
756 529 822 578 cor.
846 519 1057 601 praecedente
1069 513 1178 592 orih-

69 603 197 700 finitiri
195 635 394 722 periphrasis
402 646 460 698 est.
483 635 670 697 Notandum
684 655 768 715 vero,
782 656 849 701 non
862 639 966 704 solum
979 656 1053 728 post
1065 639 1176 722 ἐλπίζω

69 771 102 822 et
110 759 345 836 similiovcrba,
355 777 538 842 quaeperse
543 760 615 840 jam
623 755 926 841 indicantluturum,
934 765 991 825 sed
999 767 1096 830 ctiam
1102 783 1177 855 post

69 880 147 959 alia,
161 880 273 961 quihus
281 878 439 964 putandi,
451 876 894 966 sumimnddcousectundi,
907 879 1041 946 dicendi
1052 888 1176 970 signifi-

69 1003 157 1066 catio
169 1013 301 1082 esttum,
315 1023 410 1083 quum
421 1023 474 1065 res
487 1005 595 1066 lutura
606 1002 805 1084 designatur,
819 1025 860 1064 cx
871 1004 1008 1085 quinque
1018 1006 1085 1071 illis
1094 1020 1176 1072 stru.

69 1121 275 1205 cturis,quae,
287 1126 340 1188 ubi
348 1125 533 1189 Infinitivus
546 1147 566 1190 a
577 1127 737 1188 scribente
750 1124 887 1208 elegitur
898 1127 934 1189 in
945 1138 1051 1192 vetere
1062 1128 1176 1216 lingua

66 1247 210 1310 usitatae
232 1261 317 1328 sunt,
341 1249 421 1311 duas
443 1247 546 1312 solum
569 1247 605 1308 in
627 1248 810 1310 citeriorem
832 1247 1047 1314 Graecitatom
1070 1263 1174 1318 tram·

65 1369 154 1430 iisse.
202 1370 296 1444 Quod
318 1355 353 1431 ut
375 1370 494 1432 rectius
516 1369 738 1453 perspiciatur,
762 1369 900 1450 quinque
923 1369 1003 1434 haec
1022 1372 1174 1456 loquendi

65 1511 197 1574 genera,
222 1511 302 1572 quae
324 1490 478 1576 postilla
501 1492 596 1554 verba
618 1491 654 1552 in
676 1491 809 1572 antiquo
832 1511 979 1555 sermono
996 1492 1102 1558 locum
1118 1495 1175 1560 ha·-
1238 1531 1249 1544 ·

64 1615 140 1678 bero
169 1624 322 1698 possunt,
349 1631 590 1692 enumeremus,
617 1623 732 1698 postea
758 1614 901 1676 novitiae
929 1612 1060 1697 linguae
1082 1637 1175 1681 usum

64 1734 280 1820 explanaturi.
329 1736 420 1810 Quae
443 1734 493 1796 vel
516 1735 611 1799 certis
634 1754 741 1796 rerum
753 1737 870 1816 causis,
882 1735 932 1799 vel
948 1736 1083 1802 incertis
1100 1759 1174 1804 con·

59 1857 209 1941 jecturis,
233 1856 285 1920 vel
306 1856 523 1942 probabilibus
548 1857 749 1939 argumentis
772 1857 859 1920 ducti
889 1859 996 1922 lutura
1017 1879 1088 1923 esse
1110 1872 1174 1926 sta·

64 1982 202 2060 tuimus,
231 1997 270 2042 ea
301 1977 418 2040 Graeci
440 1991 563 2040 veteres
585 1989 641 2040 aut
662 1999 721 2064 pro
744 1979 793 2042 roi
815 1979 934 2064 ipsius,
964 1998 1044 2061 quae
1067 1984 1174 2047 lutura

63 2114 132 2182 est,
149 2101 350 2180 diversitate,
373 2111 429 2164 aut
450 2120 510 2187 pro
534 2097 699 2163 hominum
729 2120 801 2163 eam
832 2101 1043 2184 cogitantium
1070 2105 1171 2168 diver·

62 2226 109 2287 sis
142 2225 347 2309 opinionibus
376 2224 425 2286 sie
452 2224 577 2287 variata
611 2221 761 2303 loquendi
789 2223 915 2286 ratione
949 2224 1102 2307 efferunt,
1135 2240 1172 2290 ut

62 2345 159 2410 rnodo
191 2343 277 2408 nihil
310 2346 514 2428 eloquantur,
551 2345 617 2407 nisi
649 2344 829 2429 simplicem
861 2347 961 2409 futuri
994 2350 1171 2428 notionem,

63 2470 159 2534 modo
182 2469 228 2544 id,
252 2469 334 2545 quod
357 2480 511 2544 tanquam
523 2467 662 2524 futurum
674 2465 875 2546 proponitur,
893 2484 934 2524 cx
948 2466 1080 2529 fortuita
1097 2485 1171 2548 qua.-

64 2591 141 2652 dam
165 2585 351 2648 conditione
378 2586 445 2646 sive
468 2591 645 2642 memorate
672 2582 740 2642 sive
768 2581 938 2642 subaudita
965 2585 1181 2667 suspendant,

66 2709 164 2774 modo
187 2715 372 2768 eventurum
395 2703 515 2783 aliquid
537 2701 654 2786 potius,
679 2719 773 2782 quam
802 2719 869 2764 non
881 2699 1079 2766 ‘eventurum
1101 2725 1172 2768 esse

66 2833 106 2894 ob
129 2829 225 2912 signa
248 2828 452 2907 rationesque
473 2825 626 2888 indicent.
677 2822 730 2887 Ac
751 2842 810 2909 per
830 2845 866 2887 se
889 2825 1015 2905 quidem
1036 2827 1171 2892 manile-

62 2965 147 3016 stum
175 2963 243 3030 est,
271 2951 301 3012 si
328 2950 425 3012 certis
452 2967 561 3010 rerum
589 2948 694 3010 causis
723 2947 862 3032 permoti
885 2948 1027 3010 futurum
1048 2947 1170 3031 aliquid

62 3075 240 3150 credamus,
264 3071 388 3134 nullam
410 3070 531 3150 requiri
553 3068 652 3130 aliam
669 3072 866 3151 juncturam,
881 3088 976 3151 quam
993 3089 1074 3150 quac
1095 3071 1170 3134 sim·
1213 3035 1216 3041 Ι

60 3197 180 3283 plicem
216 3195 316 3256 futuri
349 3192 504 3277 temporis
534 3191 699 3254 notionem
727 3191 907 3271 contineat,
938 3189 1023 3254 hanc
1051 3201 1169 3267 autem,

62 3318 119 3381 ubi
148 3315 327 3378 infinitivus
357 3313 557 3378 necessarius
585 3315 644 3393 sit,
680 3313 779 3376 futuri
805 3311 966 3377 infinitivo
994 3309 1168 3378 enuntiari.

60 3439 174 3520 Neque
200 3439 308 3500 minus
337 3437 470 3522 planum
498 3447 563 3518 est,
590 3436 619 3499 si
648 3437 782 3502 incertis
810 3437 954 3500 nitamur
977 3434 1169 3518 conjecturis

62 3571 159 3642 atque
182 3560 262 3624 iliud
285 3549 394 3622 animo
417 3560 671 3636 consideremus,
694 3557 777 3638 quod
799 3567 855 3618 aut
877 3555 1004 3616 eveniet
1024 3563 1081 3614 aut
1102 3569 1170 3613 non

61 3682 200 3759 eveniet,
221 3691 318 3766 prout
341 3681 415 3758 ista,
438 3699 480 3740 ex
502 3697 564 3758 qua
584 3676 666 3740 illud
687 3675 921 3762 suspendimus,
945 3667 1086 3737 conditio
1098 3682 1171 3734 rata

61 3802 164 3868 luerit
184 3801 235 3864 vel
256 3803 361 3884 irrita,
385 3813 452 3866 tum
474 3799 526 3863 vel
546 3799 662 3863 coristi
689 3797 741 3861 vel
766 3794 946 3883 praesentis
968 3787 1170 3856 Infinitivum

62 3923 177 3990 addita
198 3920 358 4008 particula
380 3909 422 3981 olo
443 3925 483 3986 ob
510 3921 708 3986 sententiam
725 3894 898 4006 postulari.
951 3913 1042 3990 Quae
1069 3912 1169 3998 parti·

63 4044 139 4110 cula
161 4061 257 4124 quum
279 4042 328 4104 rei
350 4044 433 4106 forte
455 4044 632 4107 evenientis
653 4040 753 4104 index
775 4040 836 4114 sit,
858 4046 963 4123 patet,
990 4032 1076 4098 nihil
1103 4053 1170 4100 ma·

65 4186 207 4254 gnopere
228 4167 396 4246 interesse,
419 4174 526 4228 utrum
548 4161 608 4228 tali
631 4159 849 4227 enuntiationi
875 4154 993 4222 diserte
1015 4155 1171 4240 adjungo·

65 4301 123 4354 tur
145 4287 298 4371 conditio,
321 4307 365 4356 on
388 4286 566 4369 omittatur,
589 4285 676 4371 quia,
698 4279 827 4353 etiamsi
848 4299 915 4346 non
931 4293 1172 4370 expresserun-

872 4401 894 4468 8
909 4398 929 4440 11
