2908 4914
1072 311 1192 369 mvtl

87 479 190 556 cendi
213 481 352 584 ratione
376 478 560 567 abludunt,
583 477 646 553 ita·
658 505 737 556 cum
761 479 964 556 nostrorum
989 487 1189 584 temporum

85 612 226 712 plebejo
252 609 419 686 serinone
438 609 676 684 consentiunt.
725 611 888 710 Quorum
905 613 1081 690 volumina
1101 608 1188 713 quo·

82 743 178 816 niam
218 743 355 842 pariter
395 739 633 814 admirandam
680 740 904 840 eloquentiae
953 745 1025 820 vim
1068 737 1188 819 osten-

49 957 58 971 „
84 873 177 947 dunt
201 881 246 945 et.
262 871 445 946 historiam
468 871 649 971 religionis
674 871 890 946 christianae
918 871 1111 964 illustrant,
1136 869 1188 948 di·

87 1029 156 1102 gna
186 1012 284 1091 sunt,
317 1021 408 1100 quae
439 1002 483 1076 ab
516 1002 726 1077 eruditionis
757 1003 896 1102 cupidis
928 999 1088 1103 diligenti
1114 1015 1188 1078 stu-v

84 1131 144 1206 dio
168 1142 341 1209 terantur.
390 1131 528 1209 Verum
554 1131 852 1232 quemadmodum
883 1133 921 1206 hi
945 1133 1035 1208 sino¹
1048 1135 1187 1208 citerio-
1292 1151 1301 1160 '

82 1263 134 1336 ris
159 1263 363 1364 graecitatis
388 1264 591 1362 cognitione
608 1261 753 1365 penitus
770 1265 906 1366 percipi
924 1263 1119 1364 nequeunt,
1136 1267 1187 1339 ita

83 1394 197 1468 multo
223 1393 330 1468 etiam
354 1394 471 1466 minus
496 1393 556 1482 illi,
578 1396 644 1492 qui
673 1377 888 1470 Sanctorum
917 1397 1009 1474 vitas
1040 1395 1186 1470 horrido

82 1524 293 1624 plerumque
319 1531 357 1596 et
380 1501 515 1608 inculto
540 1523 624 1596 stilo
649 1524 964 1606 conscribillarunt.

180 1654 351 1755 Denique
362 1655 401 1726 in
410 1631 518 1731 variis
527 1653 696 1753 Europae
711 1653 937 1730 bibliothecis
949 1647 1187 1754 ingenslihro-

82 1811 162 1862 rum
185 1805 355 1860 numerus
381 1784 477 1874 latet,
504 1785 566 1884 qui
590 1785 710 1859 medio
734 1812 822 1863 aevo
835 1783 930 1887 apud
955 1761 1114 1860 Graecos
1139 1785 1186 1858 de

83 1915 247 2014 pluribus
260 1915 388 1988 artium
409 1915 721 2012 doctrinarumque
747 1918 947 2014 generibus,
972 1912 1017 1989 de
1042 1917 1186 2004 musica,

85 2043 344 2132 mathematica,
368 2041 554 2133 medicina,
570 2041 743 2116 ‘butanica
768 2053 856 2135 arte,
882 2043 928 2118 de
952 2045 1102 2118 historia
1126 2035 1189 2117 na·
1236 2091 1240 2098 ·

82 2173 199 2265 turali,
216 2174 262 2247 de
288 2173 425 2248 'chemia
450 2171 599 2273 aliisqre
625 2174 814 2275 compositi
839 2185 934 2251 sunt.
985 2175 1060 2275 Qui
1078 2201 1186 2275 quom

65 2296 266 2380 'abundent
278 2305 434 2382 novitiae
444 2303 585 2408 linguae
604 2304 830 2398 dictionibus,
854 2308 983 2408 partim
1008 2303 1091 2407 qnia
1116 2333 1186 2398 res,

82 2439 127 2512 de
141 2439 271 2539 quibus
283 2435 483 2526 disseritur,
507 2438 699 2518 veteribus,
714 2439 858 2536 ignotae
883 2437 1032 2527 fuerant,
1057 2439 1196 2538 Partim

44 2659 50 2680 N
82 2568 302 2668 quiatalium
313 2565 566 2664 opusculorum
578 2575 742 2639 auctores
756 2567 947 2661 genuinum
966 2567 1187 2662 antiquitatis

7 2789 9 2794 Ι
83 2697 241 2771 colorem
258 2691 313 2767 ¹ob
338 2695 509 2790 majorum
534 2689 709 2766 sermonis
723 2692 969 2792 ignorantiam
999 2695 1072 2766 non
1098 2719 1189 2767 sem-

8 2845 9 2850 ’
81 2853 159 2928 per
173 2849 316 2902 servare
340 2832 524 2924 poterant:
549 2821 698 2899 evidens
722 2819 788 2914 est,
814 2819 859 2897 ad
884 2820 973 2898 haec
998 2849 1106 2924 opera
1136 2823 1188 2898 so·
1296 2816 1301 2825 ¹

70 2984 140 3034 ras
165 2956 280 3032 danda
299 2955 479 3030 'editorem
495 2954 630 3052 requiri
647 2955 902 3056 aequeharum
922 2955 1186 3055 disciplinarum

82 3101 191 3188 atque
216 3086 420 3190 graecitatis
447 3084 614 3182 antiquae
645 3095 683 3158 et
711 3086 921 3160 recentioris
954 3087 1102 3162 scientia
1133 3089 1186 3160 in-

83 3229 271 3296 structum.
320 3215 379 3291 Ne
393 3215 475 3317 quis
499 3213 585 3291 vero
611 3214 813 3308 contendat,
838 3217 982 3319 indigna
999 3211 1081 3292 esse
1096 3217 1185 3290 haec

78 3349 269 3438 volumina,
283 3373 388 3447 qnae
410 3345 526 3422 lucem
551 3347 733 3446 aspiciant,
770 3358 898 3449 utpote
920 3339 1183 3448 superstitionis

82 3491 121 3556 et
152 3461 363 3580 ineptiaium
394 3477 617 3578 plenissima,
652 3476 867 3578 locupletem
904 3480 1021 3553 citabo
1052 3490 1183 3556 testem

81 3611 124 3688 C.
146 3609 282 3686 Bened.
306 3609 467 3700 Hasium,
491 3608 614 3684 virumv
631 3635 757 3709 graece
782 3609 1038 3700 doctissimum,
1053 3608 1185 3682 ⁴huma-

79 3735 268 3818 hissimum
293 3741 462 3839 omnique
487 3761 617 3839 genere
641 3739 756 3815 laudis
773 3731 1105 3827 cumulatissimum,
1123 3739 1183 3836 qni

82 3871 198 3948 multo
221 3871 380 3944 codicum
403 3869 640 3944 bibliothecae
665 3871 848 3944 Parisinae
864 3893 943 3964 usu
968 3857 1115 3943 edoctus
1144 3869 1182 3941 in

82 4005 140 4078 his
166 4001 272 4076 etiam
297 3998 424 4074 libellis
449 4000 597 4099 plurima
622 3999 709 4073 dicit
732 3993 827 4072 scitu
845 3997 950 4099 digna
971 4000 1072 4090 tradi,
1091 4023 1191 4108 qnae

85 4134 130 4209 ad
163 4122 380 4232 singularum
411 4129 675 4228 disciplinarum
706 4129 890 4205 historiam
920 4131 1180 4206 illuminandam

7 4245 8 4252 ἵ
85 4264 180 4339 haud
205 4273 329 4364 parum
353 4262 470 4336 lacere
494 4257 669 4336 videntur.
723 4259 777 4336 Cs.
810 4263 968 4362 quae-‚ah
995 4285 1038 4337 co
1063 4261 1183 4358 dispu-
1243 4301 1245 4304 ·
