2908 4914
455 436 560 549 Munda,
577 477 626 539 aad
643 478 773 551 emedio,
790 488 967 557 consuetaque
985 480 1065 537 verba
1082 479 1186 558 poeitae
1253 506 1278 553 ς

454 587 581 654 scribite,
598 589 727 646 ammonia
744 585 851 664 publica
868 584 951 646 forma
967 585 1068 662 placem

253 719 315 795 nbi
334 717 488 820 publico
513 716 689 792 sermonis
715 716 826 827 [orma
852 725 909 793 est
934 739 1024 814 quae
1050 714 1138 791 alias
1160 718 1363 815 popularis

252 860 408 928 vocatus.
462 847 606 924 Nomen
638 847 707 922 boc
737 869 904 924 versuum
935 845 1022 922 itud
1052 872 1182 949 genus,
1213 847 1362 950 dequo

253 982 392 1082 loquor,
417 979 562 1078 accepit,
581 978 678 1077 quod
697 979 732 1052 in
750 979 794 1054 iis
812 977 1021 1077 syllabarum
1042 978 1233 1078 quantitas
1250 1007 1361 1080 quam

253 1114 367 1189 solam
391 1109 527 1210 antiqui
551 1119 679 1209 poetae
710 1110 748 1184 in
779 1109 943 1186 veosibus
974 1109 1171 1210 pangendis
1200 1112 1361 1212 ‘sequun-

252 1255 323 1333 tur,
356 1249 433 1316 non
463 1241 690 1333 observatur,
727 1267 769 1318 ac
802 1241 906 1318 valde
942 1241 1125 1342 probabile
1156 1223 1229 1332 est,
1261 1247 1360 1322 omni

253 1402 341 1452 aevo
366 1373 507 1476 plebem
538 1397 700 1473 graonam
723 1373 910 1475 ignorasse
943 1374 1156 1473 prosodiam.
1210 1373 1364 1454 Etenim

252 1535 326 1582 non
350 1505 467 1581 solum
491 1503 632 1582 diversa
658 1515 842 1606 poetarum
868 1531 997 1604 genera
1027 1505 1095 1580 bae
1125 1505 1163 1582 in
1193 1531 1233 1582 re
1262 1507 1358 1584 iuteo

254 1665 295 1714 se
321 1638 477 1725 differre,
499 1634 565 1710 sed
591 1635 668 1712 aliis
700 1637 810 1710 etiam
830 1635 1050 1745 temporibus
1075 1635 1161 1714 alias
1192 1641 1357 1716 mutatio-

251 1793 318 1875 nes
343 1767 461 1866 legum
486 1765 773 1866 prosodiacarum
800 1767 996 1857 exstitisse,
1012 1792 1053 1842 ac
1072 1766 1232 1866 singulos
1250 1770 1354 1850 etiam

252 1908 379 2002 poetas
403 1893 514 1970 multa
539 1895 671 1970 babere
697 1896 884 1997 peculiaria
901 1898 1089 1990 neminem,
1115 1899 1222 1999 quem
1243 1899 1354 2000 fugiat

253 2057 335 2106 esse
361 2029 521 2124 arbitror.
570 2027 665 2126 Quis
688 2052 778 2124 'vero
799 2029 944 2128 ‘plebem
967 2040 1039 2108 tom
1069 2029 1210 2111 doctam
1241 2032 1351 2110 fuisse

181 2152 186 2160 ’
251 2169 366 2262 putet,
389 2167 431 2232 nt
456 2182 547 2256 quae
573 2159 668 2257 apud
699 2157 858 2256 singulos
889 2169 1015 2257 poetas
1045 2162 1255 2262 singularum
1285 2188 1345 2238 vo-

138 2348 141 2351 .
252 2315 331 2364 oum
363 2287 542 2388 quantitas
576 2287 639 2377 sit,
674 2287 825 2386 scivisse
855 2289 972 2366 dieat?
1025 2292 1138 2370 Immo
1170 2291 1343 2370 indoctum
1424 2279 1434 2318 ³

249 2421 379 2523 vulgus
402 2418 456 2494 sic
481 2417 635 2494 cannino
659 2443 724 2494 sua
748 2419 895 2496 tinxisse
920 2421 1070 2516 videtur,
1096 2419 1136 2502 ut
1159 2453 1233 2504 non
1250 2425 1352 2528 syllo-

251 2555 372 2636 bamm
397 2553 655 2655 quantitatem
678 2543 765 2644 sed,
779 2563 968 2634 accentum.
993 2582 1152 2634 normam
1185 2585 1353 2660 sequere-

249 2698 319 2778 tur,
344 2687 402 2762 cui
426 2687 596 2787 opinioni·
615 2687 785 2763 versiculi
813 2689 956 2786 quidam
994 2691 1089 2788 apud
1126 2689 1354 2766 Athenaeum

250 2819 410 2916 aliosque
435 2816 681 2914 suffragantur.
729 2815 789 2889 Ex
812 2843 885 2912 quo
910 2817 1004 2889 enim
1030 2804 1162 2888 musica
1180 2840 1238 2888 ors
1256 2821 1357 2914 apud

248 2949 408 3023 Graecos
445 2943 636 3020 multorum
671 2943 824 3044 ingeniis
862 2930 1000 3016 excblta
1037 2938 1082 3024 ad
1117 2940 1353 3041 perfectionis

249 3075 428 3176 quoddam
452 3074 630 3175 fastigium
654 3075 807 3176 adducta
833 3080 898 3162 est,
925 3073 1096 3152 certiores
1126 3073 1164 3152 in
1188 3078 1355 3154 carmini-

247 3209 315 3284 bus
340 3206 530 3309 poosodiae
554 3207 657 3304 leges
680 3211 991 3304 assefcoepemnb
1016 3235 1109 3308 quae
1134 3235 1214 3287 cum
1230 3208 1353 3312 negle-

248 3347 305 3412 cta
335 3337 409 3409 bae
443 3345 520 3428 arte
562 3345 709 3435 postem
746 3345 908 3436 tempore
948 3363 1073 3416 rursus
1115 3349 1350 3418 evanuerunt.

247 3466 350 3544 sexu
372 3464 524 3542 forsitan
547 3473 633 3572 post
657 3463 741 3540 Chr.
766 3493 800 3541 n.
826 3468 958 3544 saeculi
983 3477 1069 3562 sunt
1093 3494 1218 3545 versus
1242 3467 1353 3547 bexa-

195 3617 201 3626 '
246 3601 352 3680 metri
376 3626 397 3674 a
419 3597 699 3674 Montesalconio
724 3597 977 3706 Palaeograph.
995 3599 1016 3676 b
1035 3603 1067 3676 3.
1090 3627 1124 3700 p.
1142 3603 1350 3694 ‘tuuc-iuti,

244 3732 283 3806 in
313 3733 446 3835 quibus
476 3729 923 3834 posthabitasyllabaoum
949 3731 1147 3832 quantitate
1178 3743 1354 3812 accentus:

186 3932 191 3941 .
244 3863 402 3962 rhythmi
424 3863 692 3940 fundumentum
717 3873 784 3938 est
831 3862 968 3940 Eorum
992 3875 1121 3954 autem,
1147 3866 1210 3966 qui
1234 3891 1347 3968 popu.
1433 3919 1434 3926 ,

244 3994 384 4070 uuum.
400 3994 646 4092 hujuscemodi
676 3995 840 4074 versibus
873 3997 1033 4072 iambicis
1065 4009 1228 4096 poemata
1258 3999 1347 4072 scri-

244 4136 410 4226 pseruntp
429 4126 698 4226 antiquissimus
723 4127 873 4204 habetur
897 4126 1056 4219 Psaltes,
1080 4121 1259 4228 qui'cinoa
1285 4153 1346 4202 an-

242 4267 337 4334 num'
365 4259 459 4334 1050
496 4267 582 4360 post
611 4256 696 4336 Chr.
735 4285 769 4334 n.
826 4259 969 4338 Cantici
998 4260 1213 4336 canticorum
1244 4286 1344 4361 para·

657 4489 668 4509 „
735 4539 766 4599 a
