2870 4874
386 415 429 479 V.
453 411 506 480 7⁵2.
551 404 706 472 κάοουσιν
736 412 821 477 idem
854 423 950 476 sonat
987 412 1070 494 quod
1102 391 1302 492 κοίμνουσιυ.
1328 451 1373 466 -

254 530 372 602 adtira
393 548 542 600 neutrum
565 535 700 621 pluralis
717 537 844 599 numeri
863 535 1072 623 comparativi
1095 535 1239 601 adverbii
1263 540 1372 605 vicem

254 659 396 746 explens.
442 658 628 723 Notandum
651 678 741 738 vero,
760 679 779 722 a
796 657 1022 744 comparativis
1043 658 1080 718 in
1102 679 1147 716 ων
1169 659 1370 728 exeuntibus

253 783 290 844 in
318 780 475 844 deteriore
503 792 738 867 postremorum
767 780 972 844 saeculorum
1002 781 1178 862 graecitate
1213 803 1369 849 manasse

253 903 353 967 aliam
381 904 517 967 sormam
547 904 689 987 ejusdem
716 869 902 988 potestatis,
930 905 1022 985 cujus
1050 903 1170 986 positio
1198 927 1232 973 ος
1255 919 1324 988 est,
1347 930 1367 973 a

252 1025 345 1113 plebe
360 1027 506 1114 ‚maxime
529 1036 679 1088 amatam.
730 1021 789 1087 Sic
812 1026 913 1108 igitur
934 1023 1036 1093 πλεῖος
1056 1045 1117 1109 pro
1140 1018 1270 1104 citriam,
1299 1034 1365 1109 μεῖ.

211 1147 217 1158 ’
246 1153 304 1221 Ιξος
321 1168 379 1234 pro
395 1139 520 1228 μείζων,
534 1137 663 1216 adibus
676 1167 736 1232 pro
751 1138 891 1204 καλλίων
900 1165 987 1209 novo
1002 1147 1222 1233 procuderunt
1233 1150 1362 1216 Graeci.

252 1271 342 1334 Fieri
364 1280 472 1333 tamen
494 1279 617 1355 potest,
639 1279 676 1331 ut
698 1268 854 1348 quaedam
882 1267 997 1332 barum
1025 1269 1201 1333 formarum
1230 1273 1267 1336 in
1294 1274 1360 1360 pic.

251 1395 324 1475 beja
351 1403 493 1455 veterum
522 1390 634 1474 lingua
658 1393 729 1474 jam
757 1390 953 1453 exstiterint.
1006 1390 1055 1454 Ci.
1080 1390 1154 1454 Cor.
1179 1394 1221 1455 ad
1243 1396 1359 1461 Prodr.

251 1509 307 1578 lib·
331 1514 348 1577 I
369 1535 400 1599 p·
426 1511 478 1578 5⁶2.
525 1513 690 1599 Imprimis
717 1523 825 1574 autem
848 1524 1025 1576 memoratu
1048 1513 1180 1595 dignum
1207 1528 1275 1598 cst,
1304 1541 1361 1606 po.

250 1637 396 1724 pularem
424 1637 576 1718 loquendi
605 1635 763 1698 rationem
786 1635 852 1696 iere
873 1654 1006 1720 prorsus
1033 1622 1184 1721 respuere
1208 1639 1360 1706 adverbia

250 1761 287 1822 in
309 1782 351 1828 ως
373 1758 538 1836 cadentia,
561 1777 620 1842 pro
644 1756 756 1848 quibus
779 1766 893 1818 neutra
915 1755 1069 1841 plurativi
1091 1760 1218 1821 numeri
1241 1762 1277 1824 in
1298 1783 1360 1826 usu

250 1892 337 1960 sunt,
361 1901 442 1962 quae
464 1881 625 1959 antiquos,
648 1878 677 1941 si
700 1897 720 1941 a
742 1876 948 1963 superlativis
964 1882 1147 1960 recesseris,
1171 1883 1360 1974 quibusilla

251 2013 445 2088 competunt,
469 2003 598 2088 saepius
621 2001 747 2082 quidem
770 2001 806 2063 in
823 2002 1027 2080 carminibus,
1043 1993 1209 2068 rarissime
1225 2027 1299 2069 vero
1321 2010 1358 2071 irr

248 2123 391 2210 pedestri
419 2125 566 2185 oratioue
593 2124 630 2184 in
659 2121 882 2185 adverbiorum
904 2123 1010 2186 iocum
1033 2123 1197 2190 suffecisse
1220 2141 1355 2192 constat.
1421 2097 1422 2124 ί

249 2243 326 2308 Vid.
353 2240 474 2304 iilattb.
504 2243 560 2303 Gr.
584 2241 640 2302 Gr.
671 2239 699 2326 §-
723 2239 788 2305 446
816 2265 848 2328 p.
872 2242 936 2309 833
964 2246 1012 2308 ed.
1037 2245 1081 2309 ΙΙ.
1127 2248 1236 2313 Pauca
1257 2249 1349 2332 hujus

249 2367 378 2453 generis
400 2362 547 2449 exempla
569 2363 752 2450 suppeditat
766 2362 953 2451 Xenophon
975 2389 1004 2430 v.
1021 2389 1047 2432 c.
1064 2370 1166 2433 Anab·
1184 2369 1242 2448 lv,
1261 2370 1289 2445 1,
1307 2369 1354 2431 12
1420 2447 1421 2450 ¹

248 2481 305 2552 >aab
326 2477 454 2570 &sapaudo
474 2475 683 2568 παρήγγειλεν
697 2480 715 2548 ὁ
731 2485 874 2568 Ξενοφῶν
895 2483 1073 2570 ὑπομένειν,
1093 2480 1142 2552 dte
1160 2485 1192 2563 ιοἱ
1212 2483 1359 2570 πολέμιοι

249 2609 389 2699 ἰσχυρῶς
422 2602 599 2689 ἐπικέοιντο,
631 2612 687 2676 ubi
719 2610 864 2695 ξιοιμιοῶς
898 2613 1006 2677 dicere
1039 2615 1172 2679 licebat.
1224 2613 1358 2676 Pariter

247 2736 392 2819 Thucyd.
415 2734 469 2797 lib.
484 2733 511 2820 ΙΙ
533 2755 602 2822 cap.
626 2732 656 2797 6.
685 2726 859 2808 ἀποδείξειέ
880 2750 924 2800 τις
951 2724 986 2790 rb
1013 2725 1150 2792 παλαιὸν
1175 2721 1360 2810 Ἕλληνικόυ

247 2847 438 2939 ὁμοιότροπά
454 2852 496 2931 rob
516 2854 577 2915 νῦν
597 2850 779 2933 βαρβαρικῷ
805 2839 1022 2926 διαιτώμενον,
1051 2850 1105 2911 ubi
1133 2851 1198 2912 dici
1225 2867 1361 2936 poterat

247 2968 459 3058 ὁμοιοτρόπως.
491 2977 596 3042 Hodie
617 2975 718 3058 igitur
739 2973 828 3061 plebs
844 2962 1028 3050 ἅμελημίοα
1042 2991 1100 3059 pro
1117 2962 1253 3051 ἀμελῶς,
1270 2979 1362 3056 quod

246 3101 443 3164 eruditorum
470 3110 535 3177 cst,
564 3110 712 3185 usurpat,
742 3089 853 3159 δίκαια
878 3117 940 3183 pro
966 3087 1111 3177 δικαίως,
1143 3083 1265 3155 σπάνια
1293 3117 1360 3182 pro

245 3214 384 3288 σπανίοις
406 3233 439 3282 et
460 3233 615 3282 sexcenta
637 3222 703 3284 alia
726 3221 909 3304 hujusmodi
930 3221 1019 3285 dicit.

378 3335 421 3394 V·
444 3334 498 3398 73.
542 3331 630 3410 μέσοι
661 3335 704 3404 εἰς
736 3341 951 3401 recentiorum
984 3352 1146 3402 structura
1174 3321 1250 3416 εει,
1271 3359 1357 3420 quac

244 3457 429 3550 plerumque
450 3452 637 3515 tantundem
659 3453 754 3534 valet,
778 3467 930 3536 quantum
956 3455 1062 3519 solum
1089 3451 1132 3525 εἷς
1159 3458 1245 3542 apud
1267 3475 1354 3526 vete.

244 3605 306 3649 res.
356 3580 596 3659 Nonnunquam
623 3577 754 3665 ponitur
781 3597 839 3665 pro
869 3563 942 3638 ἔσω.
993 3576 1041 3641 Cf.
1071 3579 1219 3663 Ducang.
1245 3562 1352 3649 Gioss

244 3709 327 3774 med.
351 3716 383 3770 ct
404 3704 462 3768 int.
487 3721 534 3786 gr.
558 3722 589 3788 p.
614 3699 689 3766 909.
719 3736 762 3748 -
792 3689 882 3782 βαίνω
900 3719 1004 3787 pono,
1027 3702 1171 3784 vulgaris
1194 3707 1351 3785 graecita-

244 3832 288 3892 tis
315 3830 415 3891 dictio
442 3838 500 3891 cst.
555 3823 604 3888 Cf.
634 3844 715 3906 quac
741 3825 827 3888 inira
856 3824 996 3894 diximus
1025 3825 1066 3888 ad
1094 3845 1175 3888 vers.
1206 3823 1282 3888 268
1308 3862 1350 3872 -

244 3949 311 4018 ταῖς
332 3939 476 4061 κοί-λλιος
501 3938 674 4030 ίιιυρωδίοος
700 3967 767 4010 non
802 3949 881 4010 bene
908 3948 1004 4010 vertit
1034 3947 1170 4013 Crusius
1197 3944 1351 4012 meliores

244 4066 373 4168 odores.
417 4070 599 4134 Dicendum
622 4081 692 4134 erat
718 4066 862 4154 optimos
883 4065 1005 4133 odores
1032 4071 1082 4135 vel
1109 4068 1238 4156 optimo
1270 4068 1348 4132 odo-

195 4201 202 4212 ·
244 4197 411 4254 ramenta.
462 4190 592 4256 Etenim
626 4193 861 4278 comparativus
894 4193 1107 4280 praecedente
1143 4192 1278 4257 articulo
1312 4193 1348 4254 in
