2870 4874
245 323 292 372 LX

245 521 264 568 a
292 514 471 593 quoquam
497 487 565 562 alio
590 485 719 562 iisdem
744 485 790 562 de
815 486 922 570 rebus
941 485 1120 590 disputata
1138 489 1220 568 sint.
1253 490 1370 570 Prae-

245 638 343 702 terea
369 623 489 698 multis
515 619 687 722 exemplis
719 645 777 694 me
803 619 1025 709 ostendisse,
1056 646 1164 721 qnam
1193 647 1368 702 necessa-

208 807 211 812 ·
244 758 296 830 ria
321 757 370 831 sit
394 764 568 856 perpetua
593 753 803 828 recentioris
829 762 867 827 et
890 752 1024 829 veteris
1050 750 1191 854 linguae
1219 782 1367 860 compa-

246 890 350 979 ratio,
374 913 481 962 nemo
506 913 579 961 non
604 883 787 960 concedet.
833 883 1005 984 Denique
1031 884 1271 964 certissimum
1296 905 1365 986 est,

252 1047 389 1110 omnes,
415 1019 555 1094 etiamsi
580 1017 808 1120 grammatica
840 1027 877 1093 et
906 1017 1021 1095 lexico
1045 1013 1364 1120 vulgaris'sermo-

236 1155 308 1231 ,nis
335 1161 486 1256 careant,
512 1151 581 1224 hoc
607 1149 874 1226 Commentario
889 1149 1050 1249 adjutos,
1074 1160 1191 1228 totum
1219 1180 1364 1234 carmen

245 1283 444 1384 intelligere
469 1307 588 1384 posse.
638 1281 682 1356 Id
707 1282 765 1356 ubi
791 1282 960 1383 legerint,
985 1283 1063 1359 sine
1087 1283 1159 1359 ulla
1176 1285 1253 1363 sere
1272 1288 1362 1366 dilli-

249 1417 380 1492 collate
404 1425 551 1492 nostrae
576 1414 703 1493 aetatis
729 1413 949 1491 Graecorum
974 1415 1107 1515 scripta
1139 1420 1359 1518 pervolvent,

251 1547 356 1647 Quae
383 1575 493 1648 quum
518 1549 568 1622 ita
593 1573 633 1623 se
659 1547 823 1636 habeant,
842 1547 912 1621 hoc
929 1545 1177 1648 qualecunque
1193 1563 1253 1630 est
1274 1581 1361 1655 opu·
1425 1561 1426 1606 ἶ

250 1680 402 1766 sculum,
422 1681 620 1754 litterarum
646 1703 851 1778 graecarum
882 1676 1056 1754 studiosis
1080 1681 1167 1756 utile
1198 1683 1276 1760 lore
1306 1716 1361 1764 ra·

246 1819 316 1898 tus,
343 1809 442 1910 prelo
470 1809 615 1907 subjeci,
641 1819 682 1884 ut
706 1808 775 1885 hoc
807 1808 927 1884 libello
959 1813 1171 1888 recentioris
1203 1815 1358 1896 Graeco-
1426 1841 1427 1854 ³

249 1969 327 2018 rum
353 1942 493 2044 linguae
519 1941 677 2018 studium
708 1941 898 2046 philologis
920 1943 1221 2030 commendarem.
1280 1949 1357 2051 Qui

246 2074 384 2149 libellus
411 2075 443 2148 si
469 2073 688 2149 eruditorum
713 2075 836 2150 tulerit
859 2075 1040 2177 plausum,
1071 2075 1117 2152 ad
1140 2082 1289 2178 majores
1313 2086 1354 2157 in

246 2203 315 2276 hoc
342 2230 474 2306 genere
500 2204 641 2313 labores
667 2231 725 2278 me
751 2206 940 2281 conseram.

398 2397 477 2473 Ser.
502 2395 661 2472 Berolini
687 2426 716 2474 a.
744 2399 777 2473 d.
802 2400 865 2476 ΙΙΙ.
890 2397 985 2478 Non.
1011 2401 1112 2506 Sept.
1138 2435 1168 2483 a.
1198 2407 1298 2482 1837.
