2860 4870
1153 208 1224 282 ‚tlt

86 379 89 386 .
117 402 175 466 Ait
189 401 255 480 ille,
276 403 311 464 in
329 401 508 478 recentiore
526 397 722 460 Graecorum
738 417 886 462 sermone
902 401 1056 464 aoristum
1079 403 1220 467 omnium

116 539 293 610 temporum
319 524 568 608 praeteritorum
596 533 690 600 atque
724 521 883 584 interdum
915 523 1011 586 etiam
1040 523 1218 606 plusquam.

112 647 248 734 perleoti
275 649 343 708 vioe
373 647 473 727 longi.
525 645 577 706 Ao
604 643 743 727 primum
771 646 896 724 quidem
925 665 992 708 non
1020 649 1134 709 mirum
1159 627 1232 728 est,

113 771 198 850 quod
227 769 266 830 de
296 771 442 838 omnibus
472 768 671 851 temporibus
701 768 884 850 praeteritis
899 767 1047 848 ,J'udioari
1081 782 1217 854 oportet,

112 893 199 956 idem
222 892 260 954 de
283 891 421 974 siugulis
441 913 512 954 osse
536 889 713 954 dicendum.
745 889 854 964 Quare
872 890 1022 969 quonium
1039 889 1218 973 plusquam.

111 1015 287 1098 perfeetum
308 1017 343 1077 in
366 1016 612 1100 praeteritorum
635 1025 812 1098 temporum
835 1031 967 1074 numero
991 1023 1049 1086 est,
1075 1011 1218 1094 liuJ‘usut

112 1149 309 1200 caeterorum
338 1140 477 1200 aoristus
493 1139 567 1201 *erit
594 1137 742 1216 vicarius.
794 1135 905 1215 Neque
933 1129 1018 1198 vero'
1036 1134 1215 1219 plusquam·
1252 1163 1257 1170 ·

109 1261 246 1342 perlecti
276 1263 366 1324 notio
400 1262 570 1342 quidquam
594 1229 748 1336 eontinet,
783 1259 865 1338 quod
893 1258 1081 1320 dissimilius
1110 1259 1154 1320 sit
1183 1261 1216 1323 ei

111 1401 193 1460 quae
217 1384 339 1446 aoristo
356 1395 404 1445 est
421 1384 584 1468 potestati,
606 1401 702 1463 quam
717 1391 916 1442 caeterorum
932 1391 1109 1464 temporum
1124 1402 1214 1465 prae.

110 1505 279 1566 teritorum
307 1505 515 1586 significatio.
567 1505 652 1566 Nam
681 1523 776 1584 quum
803 1522 858 1580 ea,
882 1521 961 1582 quae
985 1501 1064 1564 olim
1084 1514 1215 1586 peraeta

108 1638 199 1703 sunt,
226 1629 276 1688 sio
305 1611 423 1690 Graeci
452 1594 622 1706 enarrant,
651 1639 686 1688 ut
714 1627 749 1689 in
778 1624 849 1688 sola
871 1624 1039 1710 praeteriti
1062 1627 1215 1710 temporis

108 1749 380 1834 contemplatione
399 1753 589 1830 subsistant,
613 1769 714 1829 neque
736 1747 837 1811 ullam
859 1767 936 1810 suae
959 1748 1134 1812 memoriae
1156 1745 1213 1812 ha-

108 1872 205 1934 beaut
239 1873 415 1952 rationem,
452 1873 577 1942 nullum
612 1872 700 1934 aliud
728 1871 768 1934 ad
795 1870 994 1934 narrandum
1027 1881 1135 1955 aptum
1164 1884 1213 1936 est

106 2005 244 2079 tempus,
258 2015 351 2076 quam
365 1996 497 2073 aoristi,
507 1995 564 2056 sed
576 1995 630 2056 ubi
644 1993 721 2055 olim
734 2005 824 2076 gesta
837 1994 884 2056 sio
898 1994 1056 2073 referunt,
1071 2006 1106 2054 ut
1117 1995 1213 2058 simul

106 2128 309 2202 praesentem
338 2128 476 2180 aetatem
505 2117 696 2201 respiciant,
727 2116 909 2178 narrationi
935 2114 1041 2178 solum
1064 2119 1212 2182 convenit

106 2241 291 2323 perlectum.
347 2241 459 2321 Itaque
487 2240 620 2320 antiqui
639 2257 772 2320 quorum
800 2239 966 2300 verborum
993 2241 1209 2323 pertentaret

103 2363 177 2426 sine
199 2362 388 2428 difficultate
411 2363 543 2426 forruari
567 2372 733 2448 poterant,
756 2358 812 2447 vel
828 2361 906 2446 ipso
922 2379 1013 2436 sono,
1037 2365 1089 2424 oui
1111 2363 1210 2446 pluri·
1261 2370 1270 2390 ¹

104 2503 193 2545 mum
203 2485 396 2560 tribuebant,
421 2483 639 2546 commendari
660 2481 857 2562 videbantur,
881 2481 980 2546 iniis
1003 2479 1075 2562 boo,
1093 2483 1209 2565 dequo
1255 2497 1264 2508 ’

9 2650 11 2656 r
50 2629 57 2642 ·
105 2605 201 2666 modo
223 2603 347 2666 loeutus
369 2625 450 2682 sum,
474 2604 724 2667 indicativorum
753 2589 1067 2690 perfeeti‘temporis
1095 2617 1129 2670 et
1155 2627 1209 2672 uo·

106 2726 180 2802 risti
203 2726 374 2788 discrimen
397 2747 467 2790 esse
484 2725 666 2832 ‘voluerunt
683 2773 701 2788 .
717 2723 785 2789 Sed
807 2727 932 2808 quando
954 2729 1129 2814 perlectum
1150 2731 1208 2792 dil.

8 2885 10 2896 ·
104 2847 191 2910 fioile
220 2861 274 2910 aut
302 2851 440 2912 lor-matu
467 2861 524 2914 aut
549 2850 761 2936 pronuntiatu
789 2861 875 2938 erat,
903 2863 958 2914 aut
985 2863 1071 2913 oerte
1101 2853 1208 2916 minus
1312 2856 1316 2865 '

103 2973 184 3034 bene
216 2975 367 3051 sonabat,
392 2977 463 3056 jam
492 2986 615 3037 veteres
643 2973 694 3036 illi
724 2973 842 3036 Graeci
863 2974 969 3036 minus
993 2986 1139 3036 accurate
1161 2973 1208 3036 lo-

11 3151 15 3187 s
102 3097 289 3174 quebuutur,
314 3098 360 3157 ibi
384 3097 481 3158 etiam
508 3075 663 3160 aoristum
686 3095 890 3173 adhibentes,
919 3097 973 3158 ubi
999 3097 1139 3179 perlecto
1161 3097 1207 3158 lo.

104 3237 159 3278 ous
187 3237 257 3278 esse
285 3213 424 3281 debebat.
480 3217 604 3280 Horum
639 3219 821 3304 exemplum
853 3217 1047 3302 posteriores
1079 3229 1208 3304 praeter

102 3340 326 3402 necessitatem
352 3343 480 3418 secuti,
505 3345 658 3428 temporis
687 3361 858 3429 progressu
886 3343 994 3439 omniu
1023 3343 1209 3426 abjecerunt

7 3533 9 3564 ᾖ
100 3464 251 3547 perlecta,
276 3467 382 3550 itaut
404 3467 536 3530 citerior
564 3466 678 3548 lingue
705 3487 803 3546 usque
831 3478 863 3526 et
891 3486 990 3544 usque
1012 3467 1150 3524 aoristos
1174 3467 1207 3524 in

11 3647 17 3681 ἶ
100 3587 343 3648 narrationibus
365 3572 521 3668 usurpare
545 3597 655 3648 ooaotn
676 3587 730 3647 sit.
783 3587 874 3656 Quae
897 3583 1030 3664 perlecti
1054 3585 1207 3664 temporis
1289 3661 1295 3672 ἱ

7 3761 21 3833 p

7 3885 22 3933 p,

8 3985 21 4054 ‚l

8 4107 26 4179 tl

102 3706 173 3766 usui
195 3707 401 3770 dillioultates
424 3723 654 3786 nonnunquam
677 3703 760 3788 apud
783 3713 905 3766 veteres
929 3703 1113 3779 obstabant,
1136 3705 1207 3764 eae-

102 3826 185 3890 dem·
201 3829 298 3890 etiam
327 3828 638 3916 plusquamperfecto
669 3827 796 3892 officere
832 3825 1027 3890 videbantur.
1084 3823 1211 3913 Verum

101 3949 228 4013 etiamsi
250 3953 426 4036 perlectum
448 3953 613 4016 eommode
635 3931 768 4016 formari
791 3971 830 4014 eo
846 3949 1052 4035 pronuntiari
1067 3958 1205 4034 poterat,

101 4093 202 4156 noque
225 4073 310 4140 male
331 4077 480 4158 sonabat,
504 4089 613 4158 tamen
635 4095 701 4138 nou
724 4092 849 4160 semper
873 4075 1084 4153 formabatur,
1108 4069 1158 4136 vol
1177 4072 1207 4135 si

934 4183 973 4247 10
992 4181 1004 4208 *
