2870 4874
1171 283 1217 356 eo
1256 231 1262 242 .

110 483 189 564 siut,
211 481 363 564 quonism
391 486 578 543 constanter
605 474 834 544 Aoousotivum
862 475 1042 544 udseiseere
1070 493 1217 566 ooopemt

109 604 191 670 huso
212 601 420 694 praepositio,
443 621 575 664 neeesse
597 601 667 680 fuit,
689 619 730 664 ue
754 600 870 686 duplex
892 606 960 684 ejus
980 612 1123 689 potestus
1142 623 1216 668 uou-

109 729 309 804 iunderetur‚
332 724 432 788 ulium
454 723 634 807 excogitari
657 723 753 800 vium,
776 742 838 802 quu
860 722 1017 807 distingui
1044 725 1148 789 alteru
1174 729 1215 792 ub

112 850 218 918 alteru
239 857 356 942 posspt.
400 845 512 928 ltaque
540 845 634 909 multi
655 845 808 908 dixerunt
828 833 910 922 prr&
929 843 1037 906 τοῦτον
1057 847 1091 910 id
1111 860 1148 912 ut
1167 869 1216 914 es-

113 984 166 1034 set
191 991 266 1034 cum
293 965 371 1048 hoc,
403 956 534 1048 &frepus
562 961 625 1027 ἀπὸ
657 963 767 1028 τοῦτον
795 985 870 1030 vero
899 978 936 1030 ut
962 979 1109 1031 sonaret:
1138 979 1218 1049 port

112 1089 217 1168 burm,
242 1095 279 1155 in
311 1092 424 1173 quibus
458 1092 566 1155 verbis
599 1081 673 1151 ἀπὸ.
690 1083 801 1148 τοῦτον
830 1089 965 1171 genitivi
992 1089 1099 1154 locum
1120 1102 1217 1156 terret.

112 1216 239 1300 Quippe
261 1225 389 1288 veteres
409 1211 471 1277 huo
492 1214 526 1277 vi
545 1202 658 1274 τούτου
678 1201 810 1292 ὕστερον
830 1195 1027 1298 usurparunt
1042 1234 1071 1279 ν.
1088 1235 1112 1278 e.
1130 1213 1218 1278 Thu-

113 1337 183 1417 cyd.
205 1336 240 1416 I,
276 1356 345 1422 cap.
375 1332 427 1400 50.
457 1319 497 1405 ἃς
523 1323 654 1415 ssorepov
679 1332 742 1394 νῶυ
767 1326 848 1393 δέκα
874 1327 1054 1415 ἐξέπεμψαν
1076 1331 1106 1396 οἱ
1123 1329 1218 1412 ’terp

110 1457 205 1518 ναῖοι.
248 1457 299 1524 At
317 1457 415 1522 hodie
436 1458 622 1544 temporalis
643 1459 693 1522 vis
715 1469 748 1520 et
769 1467 911 1542 potestus
933 1457 1058 1520 redditu
1077 1469 1127 1521 est
1143 1456 1220 1520 huie

111 1567 356 1666 praepositioni,
378 1582 409 1643 si
431 1582 646 1644 ueortsutirum
668 1579 853 1664 adjunctum
876 1576 984 1656 habet,
1006 1578 1090 1642 ulter
1112 1589 1219 1642 autem

111 1722 226 1766 seusus
259 1723 346 1767 nuno
376 1723 499 1785 quoque
531 1703 726 1790 exprimitur
758 1701 869 1766 vocale
896 1691 955 1782 μὲ,
990 1699 1052 1765 hou
1073 1707 1247 1786 exeeptd'

112 1823 208 1904 quod,
229 1825 260 1888 si
281 1845 460 1911 pronomen
482 1847 503 1890 u
516 1824 628 1890 'vocali
651 1825 811 1910 iucipiens
833 1824 992 1907 sequitur,
1021 1823 1086 1888 diui
1109 1843 1220 1887 coure-

112 1946 166 2008 uit
186 1939 250 2024 μετ’
273 1966 334 2032 pro
356 1939 396 2025 μὲ
418 1947 561 2032 exempli
584 1967 680 2012 euuse
702 1937 765 2027 μετ’
790 1941 887 2027 sptem
902 1967 1026 2010 meeum
1042 1937 1107 2026 μα’
1124 1939 1220 2006 dedeo

111 2073 238 2146 tecum,
268 2060 333 2147 μετ’
362 2063 482 2148 ἐκεῖνον
508 2079 568 2132 ete.
627 2068 676 2132 ct.
705 2080 872 2156 praeterea
899 2089 980 2152 quue
1008 2070 1147 2132 diximus
1178 2071 1220 2134 ud

112 2209 192 2255 vers.
215 2187 269 2256 64.
294 2227 338 2239 -
357 2181 484 2274 μεγάλη
505 2212 565 2279 pro
587 2183 734 2274 μεγάλην
756 2194 795 2256 ob
817 2191 950 2256 finalem
972 2203 1169 2257 uoneentum.

245 2313 287 2376 V.
312 2313 362 2379 17.
407 2308 462 2376 τὸν
490 2309 590 2396 ἐρωτᾷ
611 2315 632 2379 i.
660 2335 686 2380 e.
714 2305 812 2375 adedo
841 2309 942 2398 ἐρωτᾷ
986 2315 1034 2380 Cf.
1062 2317 1220 2379 adnotatu

110 2435 153 2501 sd
175 2437 299 2520 dialogi
320 2457 403 2502 vers.
426 2435 457 2502 3.
480 2469 524 2487 -
545 2438 632 2505 ποῖος
654 2424 739 2495 ἆσαι
760 2439 781 2499 i.
804 2457 830 2499 e.
851 2429 896 2506 rie
917 2425 955 2511 εἶ,
980 2438 1079 2499 itaut
1095 2419 1220 2499 verten-

111 2559 189 2619 dtuu
210 2558 345 2620 sitnon
366 2568 403 2620 ut
425 2556 560 2619 Crusius
582 2557 669 2632 seuit,
693 2553 807 2636 qualis
829 2574 876 2629 es,
898 2556 954 2616 sed
977 2553 1052 2637 quis
1073 2576 1117 2618 es.
1166 2558 1221 2622 Ee

113 2679 205 2740 euim
232 2675 319 2746 ποῖος
345 2693 432 2738 uuuo
460 2675 527 2738 sere
555 2661 654 2737 idem'
663 2685 712 2737 est
734 2674 817 2755 quod
839 2665 900 2749 rie,
922 2685 1036 2738 ooutru
1058 2677 1223 2756 antiquum

114 2797 202 2868 ποῖος
223 2796 367 2866 redditur
389 2796 673 2861 oiroumloeutiono
695 2789 786 2867 ποίας
807 2795 903 2878 λογῆς
925 2795 1141 2884 cujusmodi.

249 2919 291 2983 V.
316 2918 364 2986 18.
411 2915 516 2981 ἐδαπᾶ
542 2917 618 2984 leuc.
668 2921 814 3004 Duoaug.
848 2920 953 2984 Gloss.
987 2921 1067 2984 med.
1101 2933 1134 2986 et
1155 2923 1222 2986 ‘ini

115 3044 230 3108 Graec.
255 3053 331 3108 tom.
354 3043 381 3107 Ι.
403 3061 476 3129 pag.
500 3041 574 3107 350.
599 3045 735 3106 sormam
759 3034 854 3103 ἐδεπά
875 3044 983 3124 affert,
1007 3065 1087 3126 quae
1109 3058 1141 3118 et
1164 3046 1221 3111 ho-

113 3169 167 3232 die
195 3187 216 3230 u
245 3165 380 3228 Grueois
406 3177 587 3252 usurpetur.
639 3165 795 3228 Nostram
817 3166 963 3247 formum,
995 3171 1163 3251 quaejam
1185 3171 1221 3232 iu

115 3309 177 3352 usu
198 3307 269 3350 esse
291 3287 396 3368 desiit,
417 3289 573 3352 miremur
595 3290 635 3352 ub
658 3309 697 3351 eo
720 3283 871 3354 omissum
893 3307 980 3370 osse,
1009 3291 1064 3372 qui
1090 3292 1125 3356 id
1149 3312 1221 3379 ope·

115 3429 185 3474 rem
208 3410 334 3475 dedisse
356 3412 498 3493 videtur,
522 3424 558 3477 ut
579 3422 620 3477 ex
643 3411 705 3478 hoe
733 3433 856 3496 quoque
879 3414 1027 3478 Zeniuno
1050 3436 1147 3502 opere
1171 3435 1221 3479 ra-

115 3533 219 3596 riores
241 3532 421 3598 loeutiones
445 3535 611 3600 Glossario
634 3557 693 3600 suo
715 3538 881 3599 insereret.
915 3570 959 3582 -
1004 3530 1035 3612 μ’
1061 3529 1136 3614 ἐμὶν
1158 3555 1222 3600 me-

115 3674 197 3718 cum.
252 3656 319 3720 Pro
355 3648 411 3738 ἐμὲ
444 3656 540 3720 hodie
574 3657 692 3724 Grueui
725 3656 836 3720 dieunt
869 3655 920 3718 vel
953 3647 995 3734 μὲ
1029 3654 1080 3717 vel
1113 3649 1222 3734 ἕμένα,

65 3827 75 3839 .
117 3796 197 3858 quae
229 3781 389 3863 posterior
421 3780 525 3844 formu
558 3785 629 3864 jam
665 3777 955 3862 Ptoohoprodromi
984 3787 1126 3863 tempore
1158 3781 1221 3844 usi.

118 3911 188 3964 tutu
228 3912 314 3979 eret,
354 3921 544 3986 quamquem
577 3901 634 3966 ille
668 3901 800 3985 iusuper
834 3897 943 3961 addito
973 3919 993 3957 u
1024 3903 1235 3985 purugogieo.

119 4014 238 4102 ε’μὲναν
270 4019 322 4083 lib.
355 4022 384 4101 Ι,
421 4022 473 4088 90.
513 4036 546 4086 et
566 4016 682 4101 -μέναν
716 4021 770 4084 lib.
800 4019 824 4082 l.
858 4021 1032 4106 vel·s.183.
1057 4026 1144 4104 dicit,
1162 4045 1221 4111 pru

118 4165 181 4227 quo
204 4155 237 4208 et
250 4133 319 4225 μὲν
340 4143 391 4207 vel
413 4140 549 4208 fortusse
572 4134 647 4223 ἐμὶν
666 4163 707 4207 ex
724 4143 838 4207 Curetis
856 4148 1037 4229 conjecture
1052 4169 1131 4212 vers.
1150 4145 1221 4210 307.

118 4269 246 4352 legitur.
289 4267 380 4334 Idem
402 4267 458 4332 ille
481 4268 530 4334 vir
553 4259 844 4333 doetus'Aroorr.1.
868 4287 939 4353 pag.
961 4269 1030 4335 179.
1047 4272 1221 4347 existimet,
