2870 4874
246 341 297 432 'm

249 553 342 618 modo
371 556 559 635 conjunctus
588 551 753 630 utriusque
780 567 879 612 sontis
908 549 1115 635 proferendus
1142 529 1211 629 sit,
1231 570 1294 631 quo
1320 555 1361 616 in

248 674 367 760 gallica
393 674 506 756 lingua
534 672 639 738 exitus
669 673 756 736 vocis
786 667 1014 735 contribution.
1068 673 1162 747 Quod
1188 692 1288 753 quum
1320 677 1361 739 in

248 817 364 883 macca
381 796 493 880 lingna
511 797 627 875 evenit,
645 791 720 855 tora
737 789 939 873 caeteraeque
956 794 1081 858 vocales
1098 806 1130 857 et
1145 793 1358 880 diphthongi,

248 940 381 1004 quarum
403 939 463 1006 par
485 930 535 982 est
555 917 713 1004 prolatio,
736 917 879 980 nativum
907 936 1021 980 sonum
1049 919 1209 996 retinent,
1238 930 1358 984 contra

247 1066 262 1102 ε
284 1054 317 1108 ct
339 1065 373 1102 αι
395 1061 434 1106 ea
455 1051 581 1104 tantum
602 1039 674 1122 lege
698 1059 768 1102 cum
791 1040 936 1120 sequenti
958 1039 1063 1103 vocali
1086 1039 1287 1119 coalescunt,
1319 1055 1357 1106 ut

245 1167 418 1228 insonum
439 1159 494 1220 roci
515 1156 591 1218 tam
614 1172 791 1225 transeant.
838 1160 1001 1226 Accentus
1018 1175 1135 1243 autem,
1159 1164 1188 1226 si
1204 1175 1281 1226 ante
1301 1186 1356 1246 sy-

245 1285 370 1348 niacsin
393 1285 429 1347 in
451 1281 629 1367 penultima
651 1283 778 1364 syllaba
801 1285 877 1362 tuit,
901 1283 962 1346 hac
984 1286 1125 1366 synizesi
1148 1288 1183 1348 in
1205 1285 1356 1350 ultimam

245 1408 425 1491 conjicitur.
460 1405 547 1468 Hinc
562 1416 707 1491 apparet,
731 1427 787 1468 cur
809 1427 868 1493 pro
891 1399 1014 1484 βιβλίον
1035 1408 1099 1471 dici
1123 1419 1217 1489 qucat
1239 1399 1354 1515 βιβλιὲ,

247 1531 281 1594 id
305 1530 388 1612 quod
410 1539 541 1592 nostrae
565 1530 681 1592 aetatis
705 1528 901 1592 Graecorum
928 1549 1017 1600 more
1045 1528 1085 1605 νῷ
1107 1521 1187 1606 bobo
1208 1529 1282 1611 (v)
1304 1533 1352 1593 in-

245 1654 295 1716 ira
329 1653 491 1736 adscripto
523 1652 666 1714 indicare
692 1650 841 1714 solemus.
871 1647 1048 1714 Similiter
1086 1653 1203 1714 Graeci
1242 1654 1350 1716 dicunt

244 1793 509 1856 nonnunquamp
495 1794 555 1851 μια
575 1791 634 1858 pro
656 1764 732 1851 μία,
752 1765 811 1830 Ρω
811 1793 898 1852 μενος
920 1793 979 1857 pro
998 1765 1058 1832 Po
1058 1773 1170 1852 μαῖος,
1200 1767 1347 1856 barom'tpt

243 1917 304 1981 pro
326 1884 540 1975 λεοννάρμ
502 1895 561 1974 (ci.
542 1895 660 1958 i.adn
683 1895 724 1958 ad
746 1894 909 1981 paraphr.
921 1914 1003 1957 vcrs.
1028 1892 1126 1970 403.)
1155 1859 1266 1965 δίκειος
1285 1920 1348 1982 pro

244 2011 382 2098 δίκαιος,
411 2031 445 2082 ct
474 2019 541 2082 alia
569 2039 650 2100 quac
677 2017 825 2104 plurimis
847 2019 987 2080 chiani
1010 2019 1163 2081 carminis
1194 2021 1349 2106 exemplis

244 2137 457 2201 illustrantur
489 2136 549 2203 Sic
565 2158 687 2219 quoquc
710 2141 794 2223 apud
809 2139 994 2224 Euripidem
1011 2140 1129 2204 Electr.
1146 2161 1255 2205 versus
1272 2140 1347 2207 492

243 2245 378 2318 παλαιόν
400 2279 431 2315 νε
453 2248 663 2336 βησαύρισμα
686 2249 841 2318 Διονύσου
863 2251 942 2340 τόδε,
966 2263 1021 2342 qui
1037 2263 1226 2350 interpretes
1238 2267 1346 2329 admo-
1416 2291 1417 2364 q

243 2382 317 2444 dmn
339 2381 475 2458 vexavit,
499 2381 546 2443 ita
567 2380 633 2442 lere
648 2379 849 2444 scandendus
871 2394 931 2463 est,
954 2395 990 2448 ut
1011 2388 1117 2473 prima
1132 2408 1190 2449 vox
1203 2405 1343 2470 pronun.
1415 2383 1416 2405 ¹

135 2529 145 2548 .
243 2506 345 2568 cietur
366 2491 486 2562 πολιόν.
531 2503 585 2568 Ad
618 2503 753 2566 eandem
786 2523 933 2570 normam
967 2509 1126 2594 exigenda
1161 2497 1233 2574 sur‘rt
1263 2527 1347 2588 quae

241 2641 394 2709 tanquam
418 2626 566 2691 difficilia
588 2637 682 2708 atque
705 2647 725 2690 a
747 2625 933 2710 vulgaribus
957 2634 1077 2716 regulis
1098 2633 1279 2697 recedentia
1300 2631 1349 2694 al-

241 2751 309 2816 lata
336 2749 480 2813 videmus
509 2751 549 2810 ab
577 2749 764 2812 Hermanno
792 2750 894 2816 Elem.
924 2753 1035 2815 Doctr
1066 2754 1163 2814 Metr
1193 2776 1268 2835 pag.
1293 2753 1348 2818 52.

241 2890 325 2952 seqq.
372 2867 555 2932 Rarissime
585 2881 692 2934 autem
721 2886 872 2937 accentus
900 2876 935 2934 in
956 2870 1129 2950 syllabam,
1152 2887 1233 2948 quae
1255 2877 1353 2948 syni.

240 2993 328 3054 resin
356 2991 535 3076 praecedit,
566 3011 586 3054 a
617 2991 751 3059 Graecis
775 2996 959 3077 conjicitur,
983 2987 1126 3050 velutin
1148 2990 1253 3054 verbis
1277 2975 1350 3054 'tao

240 3133 343 3174 πιασα
364 3134 437 3199 pro.
448 3104 615 3191 ἐκοπίασα,
638 3139 773 3178 ενοιωσα
795 3136 854 3200 pro
877 3101 1020 3186 ἕνοίωοο,
1042 3105 1271 3193 συννέφιαομν
1285 3135 1349 3199 pro

241 3200 376 3299 σῆνε
323 3255 475 3316 εφιασμα,
497 3229 672 3314 ξεκοιλιασε
694 3259 752 3322 pro
774 3226 963 3312 ξεκοιλιασε,
991 3237 1075 3316 quod
1097 3235 1217 3320 legitur
1243 3237 1348 3304 Para-

241 3357 350 3444 pbras.
375 3378 403 3420 v.
428 3356 505 3420 362.

284 3563 290 3575 .
370 3473 423 3538 cc'o
444 3501 503 3567 pro
519 3477 607 3558 νέον,
635 3492 669 3542 ut
689 3501 730 3542 ex
751 3477 864 3560 regula
887 3478 980 3542 modo
1003 3475 1165 3562 explicata
1194 3475 1347 3544 efficitur.

372 3603 412 3667 ln
439 3605 543 3667 verbis
566 3593 609 3661 νὰ
630 3599 694 3680 prob
722 3589 879 3680 ποολῆοῃς
906 3622 947 3663 ex
977 3600 1207 3664 consuetudine
1234 3620 1346 3664 recen·
1416 3643 1417 3654 .

241 3721 360 3788 tiorum
388 3725 507 3790 Dativo
541 3725 718 3788 carentium
744 3721 809 3802 μοῢ
836 3745 895 3808 pro
924 3714 979 3802 ,ool
1011 3733 1193 3808 usurpatur.
1245 3724 1345 3787 Nam·
1416 3724 1417 3752 l

239 3866 298 3926 quc
331 3847 385 3908 hic
419 3869 511 3912 casus
541 3866 638 3927 aeque
667 3857 762 3927 atque
790 3845 1002 3910 Accusativus
1034 3848 1070 3908 in
1099 3845 1210 3908 Dativi
1238 3844 1343 3908 locum

237 3966 449 4030 substituitur.
505 3968 736 4033 Accusativnm
769 3980 891 4047 autem,
914 3969 968 4032 ubi
995 3967 1056 4034 hoc
1078 3990 1178 4033 sensu
1201 3969 1343 4054 ponitur,

238 4085 427 4175 praecedere
449 4091 547 4153 etiam
569 4103 676 4177 potest
698 4091 895 4176 praepositio
918 4086 968 4160 εἰς.

369 4199 526 4288 πῠυλῆσῃς
548 4235 606 4296 pro
629 4203 780 4295 πωλῆοῃς.
821 4213 961 4278 Citerior
977 4215 1138 4298 graecitas
1154 4214 1189 4276 in
1205 4208 1342 4298 permul-

238 4338 280 4400 tis
296 4333 420 4399 scilicet
435 4333 595 4396 vocabulis
611 4359 635 4392 ω
655 4339 789 4402 mutavit
812 4340 848 4402 in
870 4362 919 4418 ov,
935 4355 1069 4419 quorum
1091 4337 1276 4400 innumero
1295 4343 1341 4396 cst
1416 4349 1417 4366 ³
