2870 4874
1137 371 1213 446 ·65

235 555 279 618 V.
303 546 356 622 37.
403 532 597 651 ἀπωῇῥίῇηκὲ
630 558 804 642 vulgariter
830 573 889 650 pro
917 557 1088 647 ἀπεκρίβη,
1121 570 1210 652 cujus

102 677 174 740 loco
197 689 321 742 veteres
345 676 498 741 adhibere
519 676 626 741 solent
648 671 840 761 deseminare.
883 683 970 748 Vide
999 703 1080 768 quae
1103 691 1208 754 obser·

102 794 248 862 vav'imus
271 799 414 878 advers.
438 796 490 862 31.
514 811 547 863 et
567 800 666 888 paulo
688 803 835 888 superius
863 804 1005 870 advers.
1031 806 1082 870 11.
1129 810 1208 876 Gae-

25 891 30 896 ’
103 931 209 982 terum
237 918 372 1001 constat,
398 925 469 1004 jem
496 921 721 1004 Phrynichum
750 925 949 1011 vituperasse
981 919 1137 1008 dueeplea
1168 953 1208 997 ρο

103 1062 201 1106 sensu
221 1045 372 1130 positum,
396 1063 458 1124 quo
482 1044 651 1109 dicendum
674 1057 745 1112 crat
766 1038 962 1127 ἀπεκρίνατο.

234 1165 276 1227 V.
300 1163 353 1230 38.
399 1161 536 1242 gardei.
560 1189 588 1230 e.
612 1169 715 1244 ζητεῖς.
759 1167 890 1233 Etenim
906 1168 1045 1256 plurima
1061 1175 1156 1237 verba
1172 1173 1208 1238 in

101 1297 142 1342 ee>
164 1287 249 1371 apud
271 1300 395 1351 veteres
418 1289 599 1352 desinentia
624 1291 662 1353 in
690 1289 818 1374 vulgari
840 1303 986 1356 sermone
1008 1295 1206 1360 terminatio·

100 1426 177 1470 nem
199 1430 248 1466 αω
269 1409 442 1494 accipiunt,
466 1409 513 1472 ita
534 1421 659 1493 tamen,
685 1423 722 1474 ut
743 1427 897 1498 persaepe
924 1413 1027 1477 altera
1053 1417 1206 1481 termine·-

99 1529 146 1591 tio
170 1549 269 1610 aeque
292 1531 412 1592 usitata
434 1531 488 1593 sit.
538 1532 643 1615 Hujus
672 1534 801 1616 generis
829 1545 879 1597 est
907 1535 991 1615 quod
1016 1536 1104 1598 inira
1124 1555 1205 1600 vers.

101 1647 175 1714 104.
199 1649 319 1733 legitur
340 1649 509 1713 κατοικᾶτε
531 1663 563 1716 et
584 1673 664 1716 vers.
688 1653 741 1718 97.
765 1652 916 1732 (populeae.

133 1833 135 1842 .
179 1834 181 1840 ,
231 1770 274 1834 V.
298 1770 451 1838 39-10.
496 1774 537 1838 Ia
559 1773 612 1838 his
634 1776 755 1840 duobus
777 1777 920 1841 versibus
935 1776 1044 1842 Zenus
1065 1790 1208 1844 veterum

99 1893 282 1980 exemplum
304 1895 366 1957 sibi
388 1895 579 1959 imitandum
601 1899 739 1983 sumpsit
760 1897 889 1961 Dativls
910 1909 1015 1979 utens,
1039 1920 1059 1963 a
1082 1901 1205 1983 quibus,

100 2015 130 2076 si
153 2035 173 2076 a
196 2015 308 2099 paucis
331 2011 519 2095 quibusdam
540 2016 692 2100 loquendi
720 2018 884 2093 formulis,
913 2019 998 2084 velut
1026 2017 1091 2096 θεῷ
1117 2009 1205 2100 δόξα,

99 2129 136 2193 ie
159 2121 193 2215 ᾧ,
218 2124 292 2214 πρὸς
313 2125 431 2207 τούτοις
457 2137 595 2220 aliisque
622 2141 810 2221 recesseris,
833 2161 952 2225 magno
980 2161 1052 2206 cum
1073 2143 1205 2228 linguae

97 2257 292 2321 detrimento
312 2258 409 2344 plene
431 2273 467 2322 se
488 2261 651 2324 abstinent
672 2263 878 2340 recentiores.

229 2378 272 2443 V.
297 2376 348 2446 41.
393 2367 437 2440 ἂν
461 2373 560 2463 ῥέλῃς
580 2384 603 2448 i.
628 2405 656 2446 e.
680 2378 707 2442 εἰ
729 2376 842 2453 silere.
893 2385 980 2447 Nam
1006 2377 1205 2448 recentiores

95 2501 245 2584 neglecto
273 2502 478 2579 discrimine,
505 2502 590 2581 quod
615 2513 739 2564 veteres
768 2489 854 2564 inter
881 2497 908 2559 εἰ
930 2508 963 2564 et
984 2493 1042 2560 ἐὰν
1069 2505 1137 2567 sive
1164 2489 1206 2561 do

98 2641 171 2686 esse
193 2620 381 2698 volucrunt,
402 2637 529 2704 semper
557 2636 644 2681 nunc
671 2604 713 2676 do
740 2618 846 2680 dicere
868 2616 995 2696 solent,
1027 2620 1093 2682 nisi
1118 2622 1207 2700 *quod

99 2739 251 2803 nonnulli
272 2740 449 2803 imitationi
471 2750 612 2803 veterum
634 2739 798 2802 studentes
814 2758 874 2801 usu
891 2748 1091 2824 repugnante
1107 2738 1204 2814 inter-

99 2863 173 2924 dum
196 2858 224 2921 εἰ
245 2861 407 2926 adhibent.
436 2885 479 2908 ··-
501 2857 545 2932 εἰς
566 2853 689 2942 &cipum
711 2863 733 2924 i.
756 2845 851 2928 ceeia
873 2850 1024 2939 βύμησὶν.
1073 2860 1206 2923 Dicitur

98 2974 237 3064 βῦμησις
259 2984 347 3068 vulgi
369 3001 458 3048 more
480 3001 540 3069 pro
564 2973 753 3064 ἕνθῦμησις,
779 2982 863 3063 quod
884 2982 990 3068 ipsum
1018 2983 1055 3045 in
1080 2981 1205 3068 plebejn

98 3125 246 3170 sermone
275 3104 362 3168 nihil
388 3106 454 3167 nisi
482 3101 662 3178 memoria,
696 3097 893 3167 recordatio
922 3113 981 3164 est.
1043 3101 1205 3166 Similiter

93 3232 165 3312 jam
199 3229 236 3289 in
271 3214 571 3311 septuragintavirali
603 3221 670 3288 sire
702 3222 930 3289 Alexandrina
957 3223 1074 3287 veteris
1109 3233 1204 3288 teste-
1267 3309 1268 3312 Ἴ

98 3350 200 3412 menti
222 3346 437 3412 translatione
458 3337 596 3428 ἓῦμημα
616 3367 676 3434 pro
699 3335 871 3426 ἒυὲὗμημα
891 3343 1019 3428 legiture
1103 3439 1106 3444 Ι

229 3471 272 3533 V.
296 3468 349 3534 13.
389 3462 449 3536 frui
470 3491 530 3556 pro
553 3466 636 3532 εἰπῶ.
670 3468 747 3532 Vid.
771 3467 813 3532 ad
834 3487 916 3531 verse
939 3463 993 3529 22.
1017 3487 1061 3511 a·
1083 3444 1204 3522 demone

101 3595 122 3656 i.
145 3608 172 3656 e.
196 3577 349 3652 dieucum.
393 3589 470 3653 Vid.
492 3591 580 3654 dicta
602 3591 644 3654 ad
666 3607 749 3653 vers.
773 3577 825 3651 18.

231 3713 273 3778 Va
298 3709 350 3775 45.
395 3702 631 3791 pepuiddwocov
652 3709 748 3774 metri
771 3725 868 3770 cause
882 3721 942 3791 pro
959 3675 1203 3781 ltcyadessdxote

99 3832 186 3895 'Vide
216 3845 296 3911 quae
324 3831 463 3894 diximus
491 3831 534 3894 ad
560 3829 683 3911 dialogi
710 3847 789 3892 vers.
814 3826 845 3888 5.
872 3815 996 3885 'Locis
1022 3821 1069 3883 ibi
1098 3821 1205 3924 citatis

100 3966 188 4017 nunc
223 3950 305 4012 addo
337 3963 379 4013 ex
413 3951 581 4032 Anonymi
612 3960 727 4036 poetae
764 3943 914 4031 opusculo
948 3942 988 4004 de
1021 3941 1205 4006 Alexandri

101 4063 214 4157 Magni
242 4071 337 4134 rebus
365 4071 465 4152 gestis
498 4069 650 4132 Venetiis
680 4063 766 4130 1794
800 4066 887 4150 typis
922 4073 1038 4127 excuso
1069 4077 1145 4152 pag.
1170 4057 1204 4123 12

189 4184 288 4268 Σοφία
314 4187 375 4250 τῶν
401 4177 575 4270 Αἷγῦπηων
594 4173 668 4262 ἶπον
688 4175 790 4247 πολλὰ
810 4177 945 4266 aspicano

187 4305 242 4374 edu
263 4305 400 4394 οὐρανὸν
421 4301 618 4395 ἇρίξμησαῠ,
640 4301 696 4372 καὶ
718 4291 741 4371 5⁵
767 4290 869 4390 ἄσνρα
892 4291 1075 4386 {paeradisum

926 4427 946 4487 e
