2870 4874
1137 377 1183 450 ll

77 585 151 640 erat
172 565 224 653 vd,
247 575 304 640 sed
326 591 424 658 mum
450 579 590 656 cognata
611 570 756 638 vocabuli
771 562 839 632 dod
852 570 1050 658 significatio
1065 573 1183 660 populo

38 751 42 756 .
78 693 312 776 obversaretur,
329 698 458 776 omissa,
482 705 516 758 ut
530 713 627 779 saepe
643 694 771 773 iactum,
789 696 899 780 priore
913 696 1017 760 vocali
1033 717 1071 760 eo
1088 697 1183 760 modo

77 830 269 906 usurpatum
291 829 340 880 est
361 809 414 898 ool,
438 836 500 898 quo
521 818 705 904 superiores
729 814 872 878 vocalem
889 818 925 878 in
940 819 1030 880 exitu
1044 820 1184 902 positam

79 941 279 1023 aincientes
296 941 445 1003 dixerant
459 925 508 998 dlv.
540 937 699 1025 Exempla
713 938 785 1001 uide
799 955 851 1023 op.
867 935 1005 1000 Coraem
1014 930 1132 1002 'derum
1142 940 1184 1008 ll.

75 1061 157 1126 256.
201 1061 293 1126 Raro
314 1081 373 1149 pro
395 1051 440 1122 {tn
463 1062 629 1149 accipitur,
653 1061 721 1124 sive
743 1061 808 1124 ista
829 1058 989 1146 particula
1007 1063 1185 1143 narrantis,

79 1196 112 1246 et
135 1185 371 1264 contendentis,
393 1185 461 1248 sive
484 1203 613 1247 eausam
642 1194 674 1246 et
696 1183 856 1248 rationem
885 1181 1050 1246 afferentis
1074 1195 1133 1246 est.
1156 1205 1185 1248 v.

80 1327 107 1368 c.
132 1293 277 1383 maluerat
297 1297 345 1366 utel
368 1293 469 1377 ἕπαβε
490 1295 599 1366 πολλά.
625 1304 674 1368 Cf.
697 1303 856 1391 Paraphr.
881 1325 961 1368 vers.
984 1302 1059 1369 426.
1083 1305 1185 1370 Deill-

79 1447 142 1510 que
165 1428 204 1491 de
226 1427 399 1514 temporali
420 1429 508 1491 vocis
530 1438 689 1512 potestate
712 1429 751 1490 cl.
776 1425 913 1490 Coraem
934 1425 956 1488 l.
974 1425 994 1488 l.
1019 1447 1093 1513 pag.
1111 1426 1185 1492 957.

212 1543 328 1620 τίποτες
340 1567 519 1636 pronomen
529 1547 734 1611 indefinitum
745 1544 889 1631 aliquid,
897 1544 1189 1638 quidpiern,quid-

63 1691 196 1757 quern,
214 1671 382 1755 quodcum
404 1661 577 1754 negatione
599 1660 654 1730 dlv
675 1675 882 1753 conjunctum
905 1669 1071 1753 significat
1091 1666 1188 1732 nihil.

80 1793 187 1856 Hodie
203 1793 321 1858 Graeci
343 1795 453 1858 dicunt
474 1785 584 1869 risere,
607 1811 797 1874 quamquam
819 1791 935 1876 vulgus
957 1793 1078 1856 iormas
1100 1793 1186 1858 Aeo-
1251 1800 1257 1811 '

81 1915 163 1978 licas
185 1907 294 2010 einero
322 1927 356 1978 ot
377 1909 500 1984 πίπωας
522 1916 558 1976 in
581 1915 815 1995 antiquioribus
838 1916 1057 1978 monumentis
1080 1915 1190 1980 obvias

83 2035 192 2098 adhuc
213 2046 330 2099 servat.
376 2034 427 2098 Cl.
452 2033 526 2097 Cor.
550 2034 591 2120 ad
613 2033 726 2097 Ptoclr.
749 2055 825 2121 pag.
842 2032 917 2098 274.
962 2034 1123 2100 Locos‘ex
1139 2057 1189 2100 vo-

82 2158 269 2250 tustioribus
291 2158 502 2243 scriptoribus
524 2156 642 2220 allatos
658 2156 730 2220 vide
746 2176 798 2244 ap.
817 2155 966 2242 Duceng.
986 2157 1091 2223 Gloss.
1107 2159 1189 2222 med.

82 2291 115 2343 et
137 2281 194 2342 inf.
219 2278 274 2341 Gr.
299 2279 388 2343 Tem.
413 2278 458 2342 Il.
481 2298 510 2363 p.
538 2275 635 2342 1578·

212 2392 316 2480 βιβλιὸ
343 2421 402 2488 pro
431 2393 561 2480 βιβλίον.
610 2400 740 2464 Etenim
770 2403 808 2464 in
835 2404 1014 2484 recentiore
1041 2421 1191 2466 sermone

82 2543 151 2588 non
174 2487 326 2584 solumbl
342 2521 610 2604 Accusativorum
638 2504 722 2602 sing.
752 2520 877 2602 primae
903 2533 937 2583 et
958 2524 1074 2584 tertiae
1095 2521 1192 2585 decli-

84 2642 230 2706 nationis
259 2638 349 2701 salva
375 2639 539 2701 sententia
566 2640 677 2700 abasse
706 2647 828 2722 potest,
858 2639 906 2699 ita
933 2649 968 2698 ut
991 2638 1118 2701 dicatur
1139 2634 1196 2712 cdv

86 2758 198 2843 porion
218 2781 278 2848 pro
299 2755 439 2839 μοῦσαν,
462 2747 540 2840 quipe
560 2779 620 2846 pro
642 2744 751 2838 χάριν,
773 2757 830 2822 sed
852 2761 949 2824 etiam
970 2780 991 2818 v
1005 2761 1129 2823 neutris
1145 2781 1194 2826 se·

87 2885 210 2948 eundae
233 2883 460 2947 declinationis
482 2882 518 2970 in
540 2903 578 2941 oo
599 2881 818 2945 desinentibus
840 2883 876 2945 in
893 2882 1112 2964 Nominatiro‚
1129 2883 1194 2948 Ac·

86 3007 230 3070 cusativo
252 3017 285 3070 et
307 3003 467 3068 Vocativo
492 3003 670 3086 singularis
700 3006 826 3067 numeri
849 3006 1031 3086 frequenter
1054 3005 1194 3090 evulgo

87 3131 235 3194 demitur.
280 3123 394 3208 Neque
415 3123 523 3189 tamen
546 3124 805 3210 putandumst,
827 3124 890 3189 hoc
911 3127 1008 3213 plane
1024 3129 1197 3192 barbarum

87 3273 169 3331 esse,
192 3248 351 3331 siquidem
367 3250 437 3331 jam
460 3257 582 3311 veteres
605 3245 666 3310 hae
689 3247 816 3320 ratione
844 3237 933 3328 abab,
961 3245 1060 3325 rodco,
1083 3243 1193 3326 ἐκεῖνο,

87 3361 167 3434 ἄλλο
195 3373 354 3436 dixenmt
411 3369 488 3434 dam
520 3388 595 3433 vero
628 3369 713 3434 nihil
746 3371 895 3436 usitatius
929 3373 964 3435 in
994 3370 1120 3456 vulgari
1148 3371 1194 3435 lo-

89 3496 204 3579 quendi
226 3513 355 3578 genere,
380 3513 474 3575 quam
496 3493 630 3556 duorum
652 3513 805 3557 sonorum
827 3496 869 3558 ad
890 3495 1033 3558 diversas
1050 3491 1194 3572 syllabas

88 3619 319 3705 pertinentium
340 3616 535 3699 conjunctio,
559 3634 621 3695 qua
643 3615 692 3694 fit,
715 3627 751 3678 ut
772 3635 831 3699 pro
854 3615 977 3678 duabus
991 3631 1057 3675 una
1071 3612 1115 3675 sit
1130 3611 1195 3692 syl-

89 3740 172 3802 laba.
217 3738 341 3802 Horum
363 3757 517 3801 sonorum
540 3737 624 3799 alter
647 3738 829 3800 necessario
852 3756 893 3798 ex
915 3735 957 3798 iis
979 3743 1040 3814 est,
1063 3734 1118 3814 qui
1140 3745 1196 3798 aut

89 3874 127 3924 ut
148 3855 178 3938 i,
201 3871 256 3920 aut
284 3871 361 3924 ute
383 3860 519 3924 aliarum
548 3859 732 3942 linguarum
760 3858 1021 3944 pronuntiantur.
1072 3856 1196 3921 Priori-

90 3987 148 4050 bus
175 3990 305 4068 praetcr
332 3981 436 4063 ipsum
458 3977 534 4039 ἰῶτα
562 3981 768 4042 adnumerari
794 3981 1062 4059 q‚e1‚oe‚v‚in
1091 3992 1195 4066 poste-

91 4105 229 4168 rioribus
252 4112 360 4166 autem
383 4097 402 4158 εΙ
420 4110 452 4164 et
474 4123 507 4159 αι
529 4121 599 4164 osse
622 4104 702 4170 satis
726 4113 860 4164 constat.
911 4102 985 4166 Duo
1008 4104 1086 4186 ista,
1115 4125 1196 4186 quae

94 4225 351 4301 commemoravi,
364 4243 517 4287 sonorum
541 4243 660 4306 genera
682 4225 729 4287 ita
752 4245 823 4287 oum
846 4229 990 4308 sequenti
1013 4227 1117 4292 vocali
1138 4247 1195 4310 per

94 4351 257 4432 synizesin
280 4350 317 4412 in
339 4367 436 4414 unam
459 4347 618 4429 syllabam
642 4348 818 4412 coalescere
841 4361 992 4434 possunt,
1021 4361 1056 4411 ut
1086 4347 1196 4410 eodem
