2908 4914
1103 278 1214 328 xxxnr

112 436 300 514 dicendum
326 449 391 514 est.
439 436 546 536 Quae
571 437 602 510 si
628 437 708 536 quis
734 441 850 514 omnia
875 453 1036 520 accurate
1061 469 1214 546 perpen-

112 567 214 660 derit,
239 570 424 673 intelliget,
448 577 691 644 tantamesse
713 570 901 671 utriusque
931 575 1055 676 populi
1083 576 1122 650 in
1153 603 1211 654 ao·

110 701 167 774 nis
203 690 352 776 alterius
381 697 630 773 'enuntiandis'
652 698 942 793 inconstantiam,
973 716 1015 780 ut
1049 705 1210 786 neutrius

107 829 251 930 linguae
277 829 599 929 pronuntiationem
624 855 670 908 ex
701 831 846 906 alterius
873 858 953 906 curn
983 834 1092 912 altera
1117 863 1210 912 com-

110 960 294 1060 paratione
313 965 514 1060 conjectura
531 961 677 1060 assequi
691 959 806 1052 liceat,
824 963 1002 1062 citiusque
1019 966 1065 1040 ob
1082 967 1211 1042 utrius·

110 1117 183 1188 que
205 1091 330 1191 populi
354 1092 584 1192 cupiditatem
608 1092 817 1199 peregrinos
848 1117 958 1170 sonos
991 1095 1126 1173 vitandi
1156 1125 1211 1172 re·

108 1221 216 1321 periri
239 1249 359 1322 posse,
385 1223 565 1324 quomodo
587 1222 679 1300 alter
701 1223 854 1325 populus
870 1251 945 1300 non
962 1229 1209 1327 pronuntiarit,

108 1379 216 1451 quam
247 1353 425 1451 quomodo
456 1354 702 1452 pronuntiarit.
751 1355 826 1429 Sed
858 1331 964 1454 quain
996 1357 1129 1442 inutile,
1152 1359 1210 1448 sit,

106 1509 151 1558 eo
177 1483 326 1558 consilio
350 1483 445 1557 inter
469 1509 510 1558 se
536 1509 739 1584 comparare
755 1485 976 1562 diversorum
998 1487 1210 1586 populorum

106 1615 255 1714 linguas
280 1624 323 1689 ut
345 1639 399 1691 ex.
415 1613 619 1722 peregrinio
640 1613 788 1690 vocibus
815 1612 959 1690 alterius
986 1617 1104 1716 gentis
1130 1641 1211 1716 pro-

105 1745 365 1822 nuntiationem
382 1746 510 1835 diseas,
532 1744 729 1822 recentium
747 1771 893 1846 quoque
915 1745 1125 1846 populorum
1144 1746 1210 1823 lin-

106 1888 196 1973 guae
223 1877 426 1950 ostendunt.
475 1876 596 1974 Nemo¹
618 1873 712 1972 apud
738 1874 860 1951 Gallos
885 1849 965 1950 tam
990 1877 1110 1952 fatuus
1143 1890 1209 1964 est,

53 2075 59 2087 ,
110 2015 152 2078 ut
173 2005 366 2108 suistimet,
396 2029 416 2076 e
440 2003 623 2081 vocabulis
648 2004 874 2103 germanicis,
906 2029 997 2102 quae
1027 2005 1065 2083 in
1095 2006 1209 2104 ipsius

105 2147 311 2212 sermonem
342 2145 487 2234 recepta
525 2143 611 2210 sunt
641 2159 809 2234 quaeque
840 2133 962 2208 omnia,
989 2133 1034 2207 ad
1065 2135 1209 2236 gallicae

103 2266 245 2368 linguae
262 2267 457 2366 analogiam
475 2291 717 2365 sonorumque
737 2264 1017 2366 effingendorum
1032 2267 1208 2362 rationem

103 2409 239 2476 mutata
263 2409 357 2489 sunt,
381 2424 503 2477 voram
517 2398 719 2500 germanici
742 2397 919 2472 sermonis
950 2399 1208 2498 pronuntiatio-

103 2509 189 2604 nem
213 2531 383 2629 cognosci
406 2553 535 2627 posse;
559 2554 665 2603 nemo
690 2525 787 2624 apud
808 2552 876 2599 nos
900 2537 974 2599 tam
998 2528 1139 2602 hebetis
1155 2529 1208 2600 in-

106 2659 213 2759 genii,
237 2667 324 2748 ut,e
348 2657 507 2742 vocibus
532 2679 622 2750 quas
647 2679 666 2724 a
691 2653 840 2728 Polonis
859 2661 968 2750 atque
985 2653 1117 2728 Russis
1134 2680 1206 2732 mu-

105 2789 194 2863 tuati
219 2813 353 2877 sumus,
376 2785 471 2860 disci
485 2809 595 2884 posse
613 2791 755 2866 statua-t,
783 2783 962 2881 quomodo
979 2781 1125 2859 eaedem
1147 2809 1209 2858 vo

9 2957 11 2968 ·
102 2926 164 2994 c'es
190 2920 227 2992 in
252 2918 322 2993 illis
346 2917 477 3017 linguis
502 2915 735 3016 proferantur.
794 2912 869 2988 Sed
896 2913 983 3012 quid
1007 2914 1137 3013 loquor
1163 2915 1207 2988 de
1285 2908 1288 2914 ’

8 3067 9 3100 ³
102 3051 232 3151 linguis
268 3049 472 3126 admodum·
500 3045 754 3120 dissimilibus?
820 3044 953 3118 Nonne
992 3044 1206 3131 Batavorum

8 3197 9 3230 ³
101 3183 367 3278 Danorumque‘
386 3179 536 3278 linguae,
561 3201 653 3274 quae
676 3174 788 3251 multo
814 3173 1001 3248 similiores
1036 3177 1207 3274 germani·
1300 3230 1308 3245 .

8 3333 9 3350 ¹
103 3337 167 3386 cae
193 3321 287 3397 sunt,
315 3332 421 3410 quam
445 3308 552 3390 latina
575 3306 643 3382 fuit
673 3331 820 3408 graecae
827 3323 838 3390 ,'
870 3313 970 3380 tanto
1001 3307 1206 3405 pronuntia-
1238 3388 1240 3392 .

8 3454 10 3474 ³
99 3443 210 3518 tionis
236 3441 440 3518 discrimine
465 3467 485 3514 a
511 3466 550 3516 se
574 3448 698 3514 mutuo
724 3441 973 3537 sejunguntur,
1004 3421 1142 3534 utqui
1165 3431 1206 3509 ii-

102 3575 185 3650 dem
208 3573 388 3650 videntur.
408 3594 490 3652 esse
525 3571 620 3659 soni,
645 3570 671 3645 ii
700 3567 998 3644 tamendivarso
1030 3564 1138 3638 modo
1170 3575 1207 3637 ct

102 3706 293 3780 efferantur
319 3715 355 3780 et
380 3704 592 3778 scribantur.
647 3699 747 3798 Quid
771 3725 858 3773 vero
882 3697 1020 3794 linguas
1052 3719 1206 3768 comme-

99 3836 410 3912 moroldive'rsas?
458 3834 590 3914 Nonne
616 3831 775 3928 ejusdem
800 3822 1083 3925 linguae'variae
1101 3821 1206 3898 diale-

102 3969 155 4042 cti
188 3964 285 4042 vario
318 3943 540 4063 pronuntiari
576 3959 756 4038 assolent?
806 3956 937 4040 Nonne
977 3953 1078 4028 aliter
1109 3955 1206 4055 apud

100 4125 170 4174 nos
187 4098 373 4185 Saxones,
406 4093 508 4168 aliter
529 4089 684 4196 ,Bavariss
715 4089 815 4166 aliter
845 4086 1030 4160 Austriaci
1061 4086 1206 4160 cacteri-

8 4199 16 4254 ρ
103 4241 175 4332 quo
201 4229 424 4306 Germaniae·
438 4223 562 4326 populi
585 4223 787 4320 loquuntm,
813 4219 903 4294 adeo
928 4226 968 4292 ut
993 4243 1066 4291 non
1092 4215 1206 4335 solum
1255 4217 1257 4222 ’

911 4350 981 4390 *Η
