2908 4914
1158 257 1258 311 xxvn

154 417 430 504 circumventus
453 422 587 525 aliquid
622 421 765 498 humani
802 449 932 526 passus
965 424 1105 501 luisset.
1153 427 1257 520 Rem,

151 558 204 632 uti
230 569 331 661 gesta
356 566 414 633 est
438 585 468 631 a.
494 553 549 630 Cl.
573 553 708 632 Vossio
733 556 951 652 (Aristarcb.
972 556 1041 630 ll.
1065 583 1095 632 c.
1111 559 1180 654 28)
1199 585 1257 636 ac·

151 690 268 792 cipite.
318 689 357 762 Is
383 713 461 790 eam
486 711 529 760 ex
546 685 719 760 relatione
735 687 882 762 Henrici
901 687 1176 790 Coracopctraei
1198 689 1255 768 his

150 822 262 897 refert
291 819 427 895 verbis:
458 816 616 909 „Audivi
645 816 697 894 M.
724 819 924 920 Rutgerum
948 820 1143 895 Reschium
1173 849 1257 922 pro·

151 952 325 1026 sessorem
349 949 489 1052 linguae
515 975 663 1052 graecae
687 948 725 1023 in
752 949 902 1051 collegio
927 949 1136 1026 Buslidiano
1162 953 1257 1055 apud

148 1082 405 1173 Lovanienses,
430 1109 549 1157 meum
573 1081 655 1182 piae
672 1081 863 1156 memoriae
882 1094 1161 1184 praeceptorem,
1177 1111 1257 1160 nar-

146 1224 294 1305 rantem,
321 1241 362 1290 se
385 1214 567 1290 habitasse
591 1215 630 1288 in
655 1213 804 1289 Liliensi
828 1213 1057 1317 paedagogco
1082 1242 1150 1291 uua
1174 1244 1256 1292 cum

146 1345 311 1436 Erasmo,
337 1373 379 1422 eo
405 1347 581 1446 superine,
606 1369 647 1420 se
671 1345 819 1421 inlerius
843 1345 1042 1420 cubiculum
1062 1349 1255 1423 obtinente.

147 1477 343 1551 chricum
361 1488 478 1552 autem
493 1477 707 1552 Glareanum
720 1477 869 1550 Parisiis
885 1477 1085 1554 Lovanium
1102 1473 1256 1570 venisse,

146 1619 255 1708 atque
281 1610 324 1683 ab
341 1608 494 1684 Erasmo
515 1607 552 1682 in
570 1606 756 1708 collegium
774 1617 940 1684 vocatum
958 1607 1070 1681 luisse
1089 1607 1134 1681 ad
1152 1635 1257 1710 pran-

147 1740 260 1814 dium:
286 1765 358 1840 quo
385 1767 464 1817 cum
489 1740 665 1831 venisset,
697 1737 784 1840 quid
809 1737 895 1815 novi
919 1737 1074 1814 adferret
1103 1739 1256 1816 interro-

147 1882 268 1973 gatum
294 1873 428 1946 dixisse
452 1873 573 1971 (quod
596 1873 635 1943 in
657 1861 786 1944 itinere
811 1881 1033 1945 commentus
1051 1881 1136 1961 erat,
1156 1871 1255 1970 quod

149 2002 259 2076 sciret
281 2001 472 2076 Erasmum
496 2000 578 2101 plus
603 2000 691 2074 satis
715 2023 834 2072 rerum
857 2026 1030 2076 novarum
1053 2002 1254 2077 studiosum

147 2159 189 2206 ac
213 2132 301 2207 mire
327 2131 530 2228 credulum)
563 2129 738 2232 quosdam
762 2130 800 2203 in
826 2129 977 2205 Graecia
1006 2142 1112 2208 natos
1142 2133 1254 2210 Lute-

144 2263 230 2338 tiam
260 2266 423 2358 venisse,
453 2267 550 2344 viros
584 2262 629 2338 ad
661 2261 869 2343 miraculum
894 2261 1032 2354 doctos,
1059 2263 1122 2366 qui
1145 2263 1253 2370 longe

143 2395 245 2472 aliam
254 2400 371 2501 graeci
382 2397 558 2475 sermonis
572 2396 897 2499 pronuntiationem
909 2407 1134 2497 usurparent,
1145 2393 1252 2500 quain

145 2554 237 2625 quae
252 2528 359 2630 vulgo
378 2531 415 2603 in
433 2530 534 2603 hisce
552 2529 713 2627 partibus
731 2539 876 2626 recepta
893 2537 1001 2602 esset.
1027 2527 1104 2603 Eos
1122 2555 1252 2631 nempe

146 2681 276 2729 sonare
301 2682 366 2755 pro
391 2657 477 2730 Vita
501 2657 604 2742 Beta,
628 2681 694 2754 pro
719 2663 750 2729 H
774 2656 824 2726 ita
847 2655 929 2742 Eta,
953 2679 1020 2754 pro
1039 2653 1098 2746 Αι,
1126 2660 1168 2747 ai,
1185 2686 1252 2758 pro

145 2817 187 2875 or,
213 2787 248 2860 oi
274 2796 311 2860 et
335 2787 450 2861 sicin
476 2786 637 2860 caeteris.
687 2783 773 2884 Quo
798 2784 921 2859 andito
937 2785 1128 2862 Erasmum
1145 2789 1252 2890 paulo

141 2929 227 3018 post
253 2918 512 3019 conscripsisse
538 2917 716 3018 dialogum
748 2916 793 2991 de
824 2927 922 2991 recta
951 2917 1074 2992 Latini
1107 2919 1252 2997 Graeci-

142 3077 213 3151 que
238 3051 414 3125 sermonis
439 3050 746 3148 pronuntiatione,
780 3057 821 3122 ut
849 3047 1032 3127 videretur
1061 3050 1168 3152 hujus
1196 3054 1250 3130 rei

140 3183 221 3281 ipse
245 3182 427 3270 inventor,
453 3190 491 3254 et
521 3179 694 3256 obtulisse
725 3177 836 3254 Petro
868 3179 1053 3255 Alostensi
1082 3192 1249 3284 typogra-

141 3313 214 3412 pho
252 3312 535 3414 imprimeudum.
597 3311 674 3412 Qui
705 3339 786 3386 cum
815 3311 909 3388 sorte
942 3313 1019 3388 aliis
1052 3327 1247 3416 occupatus

138 3453 324 3523 renueret:
350 3457 411 3521 aut
437 3455 534 3521 certe
560 3455 699 3521 setam
725 3445 796 3520 cito
815 3445 1001 3537 excudere,
1027 3473 1134 3545 quam
1150 3447 1248 3524 vole-

138 3577 210 3666 bat,
235 3603 308 3651 nou
332 3603 442 3678 posse
468 3577 614 3666 diceret,
638 3577 782 3652 misisse
806 3576 962 3651 libellum
993 3575 1172 3649 Basileam
1202 3578 1248 3652 ad

136 3708 369 3799 Frobenium,
395 3735 415 3782 a
442 3734 513 3810 quo
544 3734 629 3782 mox
660 3709 857 3808 impressus
888 3709 926 3781 in
955 3706 1071 3780 lucem
1103 3707 1246 3808 prodiit.

136 3837 274 3914 Verum
298 3842 488 3916 Erasmum
513 3842 655 3942 cognita
679 3838 805 3914 fraude
828 3862 1010 3934 nunquam
1030 3861 1070 3910 ea
1089 3865 1247 3940 pronun-

136 3967 249 4043 tiandi
274 3971 410 4044 ratione
434 3981 561 4072 postea
587 3997 702 4061 usum,
726 3995 795 4042 nec
813 3967 945 4057 amicis,
966 3970 1179 4069 quibuscum
1196 3973 1246 4046 sa-

136 4099 321 4178 miliariter
343 4101 495 4192 vivebat,
513 4115 554 4179 ut
573 4131 651 4177 eam
669 4102 910 4190 observarent,
929 4104 1166 4204 praecepisse.
1202 4104 1245 4177 ln
1289 4097 1295 4112 ’

137 4234 215 4336 ejus
240 4233 293 4309 rei
316 4232 426 4309 fidem
452 4233 613 4310 exhibuit
634 4235 819 4338 Rutgerus
843 4233 1119 4336 ipsius'Erasmi
1138 4259 1246 4307 manu
